%YAML 1.1
%TAG !u! tag:unity3d.com,2011:
--- !u!1 &5310140886494171
GameObject:
  m_ObjectHideFlags: 0
  m_CorrespondingSourceObject: {fileID: 0}
  m_PrefabInstance: {fileID: 0}
  m_PrefabAsset: {fileID: 0}
  serializedVersion: 6
  m_Component:
  - component: {fileID: 6272643135445759294}
  m_Layer: 0
  m_Name: mixamorig:RightToe_End
  m_TagString: Untagged
  m_Icon: {fileID: 0}
  m_NavMeshLayer: 0
  m_StaticEditorFlags: 0
  m_IsActive: 1
--- !u!4 &6272643135445759294
Transform:
  m_ObjectHideFlags: 0
  m_CorrespondingSourceObject: {fileID: 0}
  m_PrefabInstance: {fileID: 0}
  m_PrefabAsset: {fileID: 0}
  m_GameObject: {fileID: 5310140886494171}
  m_LocalRotation: {x: 0, y: -0, z: -0, w: 1}
  m_LocalPosition: {x: -0.0000000011347395, y: 0.000000004587741, z: 0.09992521}
  m_LocalScale: {x: 1, y: 1, z: 1}
  m_Children: []
  m_Father: {fileID: 2868412476829550852}
  m_RootOrder: 0
  m_LocalEulerAnglesHint: {x: 0, y: 0, z: 0}
--- !u!1 &162340913116385842
GameObject:
  m_ObjectHideFlags: 0
  m_CorrespondingSourceObject: {fileID: 0}
  m_PrefabInstance: {fileID: 0}
  m_PrefabAsset: {fileID: 0}
  serializedVersion: 6
  m_Component:
  - component: {fileID: 7760984139405833810}
  m_Layer: 0
  m_Name: mixamorig:RightHandRing1
  m_TagString: Untagged
  m_Icon: {fileID: 0}
  m_NavMeshLayer: 0
  m_StaticEditorFlags: 0
  m_IsActive: 1
--- !u!4 &7760984139405833810
Transform:
  m_ObjectHideFlags: 0
  m_CorrespondingSourceObject: {fileID: 0}
  m_PrefabInstance: {fileID: 0}
  m_PrefabAsset: {fileID: 0}
  m_GameObject: {fileID: 162340913116385842}
  m_LocalRotation: {x: 0.00000002980232, y: 0.000000029801548, z: -0.000000014902708,
    w: 1}
  m_LocalPosition: {x: 0.12147004, y: 0.00009890902, z: -0.022166314}
  m_LocalScale: {x: 1, y: 1, z: 1}
  m_Children:
  - {fileID: 1578248981823176414}
  m_Father: {fileID: 4674096640746720761}
  m_RootOrder: 3
  m_LocalEulerAnglesHint: {x: 0, y: 0, z: 0}
--- !u!1 &502504298511415279
GameObject:
  m_ObjectHideFlags: 0
  m_CorrespondingSourceObject: {fileID: 0}
  m_PrefabInstance: {fileID: 0}
  m_PrefabAsset: {fileID: 0}
  serializedVersion: 6
  m_Component:
  - component: {fileID: 4398321538110809209}
  m_Layer: 0
  m_Name: mixamorig:RightHandRing4
  m_TagString: Untagged
  m_Icon: {fileID: 0}
  m_NavMeshLayer: 0
  m_StaticEditorFlags: 0
  m_IsActive: 1
--- !u!4 &4398321538110809209
Transform:
  m_ObjectHideFlags: 0
  m_CorrespondingSourceObject: {fileID: 0}
  m_PrefabInstance: {fileID: 0}
  m_PrefabAsset: {fileID: 0}
  m_GameObject: {fileID: 502504298511415279}
  m_LocalRotation: {x: 0, y: -0, z: -0, w: 1}
  m_LocalPosition: {x: 0.036601152, y: 0.00000002046845, z: 0.000000006718011}
  m_LocalScale: {x: 1, y: 1, z: 1}
  m_Children: []
  m_Father: {fileID: 5856309279858055547}
  m_RootOrder: 0
  m_LocalEulerAnglesHint: {x: 0, y: 0, z: 0}
--- !u!1 &829094713645176200
GameObject:
  m_ObjectHideFlags: 0
  m_CorrespondingSourceObject: {fileID: 0}
  m_PrefabInstance: {fileID: 0}
  m_PrefabAsset: {fileID: 0}
  serializedVersion: 6
  m_Component:
  - component: {fileID: 3515545117355775719}
  m_Layer: 0
  m_Name: mixamorig:LeftHandRing4
  m_TagString: Untagged
  m_Icon: {fileID: 0}
  m_NavMeshLayer: 0
  m_StaticEditorFlags: 0
  m_IsActive: 1
--- !u!4 &3515545117355775719
Transform:
  m_ObjectHideFlags: 0
  m_CorrespondingSourceObject: {fileID: 0}
  m_PrefabInstance: {fileID: 0}
  m_PrefabAsset: {fileID: 0}
  m_GameObject: {fileID: 829094713645176200}
  m_LocalRotation: {x: 0, y: -0, z: -0, w: 1}
  m_LocalPosition: {x: -0.036601152, y: 0.00000002906111, z: 4.5477133e-10}
  m_LocalScale: {x: 1, y: 1, z: 1}
  m_Children: []
  m_Father: {fileID: 1332561614719041064}
  m_RootOrder: 0
  m_LocalEulerAnglesHint: {x: 0, y: 0, z: 0}
--- !u!1 &872003076206447183
GameObject:
  m_ObjectHideFlags: 0
  m_CorrespondingSourceObject: {fileID: 0}
  m_PrefabInstance: {fileID: 0}
  m_PrefabAsset: {fileID: 0}
  serializedVersion: 6
  m_Component:
  - component: {fileID: 3217683643528012800}
  m_Layer: 0
  m_Name: mixamorig:RightHandIndex2
  m_TagString: Untagged
  m_Icon: {fileID: 0}
  m_NavMeshLayer: 0
  m_StaticEditorFlags: 0
  m_IsActive: 1
--- !u!4 &3217683643528012800
Transform:
  m_ObjectHideFlags: 0
  m_CorrespondingSourceObject: {fileID: 0}
  m_PrefabInstance: {fileID: 0}
  m_PrefabAsset: {fileID: 0}
  m_GameObject: {fileID: 872003076206447183}
  m_LocalRotation: {x: -0.000000044703484, y: -0.000000014901158, z: 7.7427507e-13,
    w: 1}
  m_LocalPosition: {x: 0.038919672, y: -7.205551e-10, z: 0.00000037513024}
  m_LocalScale: {x: 1, y: 1, z: 1}
  m_Children:
  - {fileID: 3824377929563876272}
  m_Father: {fileID: 7415553896592272923}
  m_RootOrder: 0
  m_LocalEulerAnglesHint: {x: 0, y: 0, z: 0}
--- !u!1 &936460947264826332
GameObject:
  m_ObjectHideFlags: 0
  m_CorrespondingSourceObject: {fileID: 0}
  m_PrefabInstance: {fileID: 0}
  m_PrefabAsset: {fileID: 0}
  serializedVersion: 6
  m_Component:
  - component: {fileID: 408269410482374702}
  m_Layer: 0
  m_Name: mixamorig:RightLeg
  m_TagString: Untagged
  m_Icon: {fileID: 0}
  m_NavMeshLayer: 0
  m_StaticEditorFlags: 0
  m_IsActive: 1
--- !u!4 &408269410482374702
Transform:
  m_ObjectHideFlags: 0
  m_CorrespondingSourceObject: {fileID: 0}
  m_PrefabInstance: {fileID: 0}
  m_PrefabAsset: {fileID: 0}
  m_GameObject: {fileID: 936460947264826332}
  m_LocalRotation: {x: 0.0000065525965, y: -0.000000021011672, z: -2.99793e-11, w: 1}
  m_LocalPosition: {x: 0.002446805, y: -0.40595436, z: -0.0051452797}
  m_LocalScale: {x: 1, y: 1, z: 1}
  m_Children:
  - {fileID: 7017829375003252248}
  m_Father: {fileID: 8227378201880351874}
  m_RootOrder: 0
  m_LocalEulerAnglesHint: {x: 0, y: 0, z: 0}
--- !u!1 &1022856309879407436
GameObject:
  m_ObjectHideFlags: 0
  m_CorrespondingSourceObject: {fileID: 0}
  m_PrefabInstance: {fileID: 0}
  m_PrefabAsset: {fileID: 0}
  serializedVersion: 6
  m_Component:
  - component: {fileID: 3637976646810659219}
  m_Layer: 0
  m_Name: mixamorig:LeftHand
  m_TagString: Untagged
  m_Icon: {fileID: 0}
  m_NavMeshLayer: 0
  m_StaticEditorFlags: 0
  m_IsActive: 1
--- !u!4 &3637976646810659219
Transform:
  m_ObjectHideFlags: 0
  m_CorrespondingSourceObject: {fileID: 0}
  m_PrefabInstance: {fileID: 0}
  m_PrefabAsset: {fileID: 0}
  m_GameObject: {fileID: 1022856309879407436}
  m_LocalRotation: {x: 0.000025987818, y: 0.000000044703476, z: -1.1585687e-12, w: 1}
  m_LocalPosition: {x: -0.27614462, y: 0.00000028951808, z: 0.00000019646586}
  m_LocalScale: {x: 1, y: 1, z: 1}
  m_Children:
  - {fileID: 7374116889041781013}
  - {fileID: 6514914511886735324}
  - {fileID: 506703600431920876}
  - {fileID: 6255550924249940021}
  - {fileID: 1307556509255769530}
  m_Father: {fileID: 3692940536079003447}
  m_RootOrder: 0
  m_LocalEulerAnglesHint: {x: 0, y: 0, z: 0}
--- !u!1 &1034723005288895787
GameObject:
  m_ObjectHideFlags: 0
  m_CorrespondingSourceObject: {fileID: 0}
  m_PrefabInstance: {fileID: 0}
  m_PrefabAsset: {fileID: 0}
  serializedVersion: 6
  m_Component:
  - component: {fileID: 7562578054498707408}
  m_Layer: 0
  m_Name: mixamorig:RightHandPinky2
  m_TagString: Untagged
  m_Icon: {fileID: 0}
  m_NavMeshLayer: 0
  m_StaticEditorFlags: 0
  m_IsActive: 1
--- !u!4 &7562578054498707408
Transform:
  m_ObjectHideFlags: 0
  m_CorrespondingSourceObject: {fileID: 0}
  m_PrefabInstance: {fileID: 0}
  m_PrefabAsset: {fileID: 0}
  m_GameObject: {fileID: 1034723005288895787}
  m_LocalRotation: {x: -0.000000014901161, y: 0.000000029801548, z: -0.000000014902708,
    w: 1}
  m_LocalPosition: {x: 0.041366525, y: 0.000000004310631, z: 0.00000025609583}
  m_LocalScale: {x: 1, y: 1, z: 1}
  m_Children:
  - {fileID: 1030725675307993204}
  m_Father: {fileID: 4278420136592522812}
  m_RootOrder: 0
  m_LocalEulerAnglesHint: {x: 0, y: 0, z: 0}
--- !u!1 &1117795991805057810
GameObject:
  m_ObjectHideFlags: 0
  m_CorrespondingSourceObject: {fileID: 0}
  m_PrefabInstance: {fileID: 0}
  m_PrefabAsset: {fileID: 0}
  serializedVersion: 6
  m_Component:
  - component: {fileID: 5071642397347663934}
  m_Layer: 0
  m_Name: mixamorig:RightHandThumb4
  m_TagString: Untagged
  m_Icon: {fileID: 0}
  m_NavMeshLayer: 0
  m_StaticEditorFlags: 0
  m_IsActive: 1
--- !u!4 &5071642397347663934
Transform:
  m_ObjectHideFlags: 0
  m_CorrespondingSourceObject: {fileID: 0}
  m_PrefabInstance: {fileID: 0}
  m_PrefabAsset: {fileID: 0}
  m_GameObject: {fileID: 1117795991805057810}
  m_LocalRotation: {x: 0, y: -0, z: -0, w: 1}
  m_LocalPosition: {x: 0.026794035, y: -0.015469455, z: 0.015469198}
  m_LocalScale: {x: 1, y: 1, z: 1}
  m_Children: []
  m_Father: {fileID: 549434867368783132}
  m_RootOrder: 0
  m_LocalEulerAnglesHint: {x: 0, y: 0, z: 0}
--- !u!1 &1123972727732175795
GameObject:
  m_ObjectHideFlags: 0
  m_CorrespondingSourceObject: {fileID: 0}
  m_PrefabInstance: {fileID: 0}
  m_PrefabAsset: {fileID: 0}
  serializedVersion: 6
  m_Component:
  - component: {fileID: 3824377929563876272}
  m_Layer: 0
  m_Name: mixamorig:RightHandIndex3
  m_TagString: Untagged
  m_Icon: {fileID: 0}
  m_NavMeshLayer: 0
  m_StaticEditorFlags: 0
  m_IsActive: 1
--- !u!4 &3824377929563876272
Transform:
  m_ObjectHideFlags: 0
  m_CorrespondingSourceObject: {fileID: 0}
  m_PrefabInstance: {fileID: 0}
  m_PrefabAsset: {fileID: 0}
  m_GameObject: {fileID: 1123972727732175795}
  m_LocalRotation: {x: 0.000000029802326, y: 0.000000014902701, z: 0.000000029801555,
    w: 1}
  m_LocalPosition: {x: 0.03415161, y: 0.0000000025299138, z: -0.000000086058414}
  m_LocalScale: {x: 1, y: 1, z: 1}
  m_Children:
  - {fileID: 819366774996459853}
  m_Father: {fileID: 3217683643528012800}
  m_RootOrder: 0
  m_LocalEulerAnglesHint: {x: 0, y: 0, z: 0}
--- !u!1 &1138421217344507216
GameObject:
  m_ObjectHideFlags: 0
  m_CorrespondingSourceObject: {fileID: 0}
  m_PrefabInstance: {fileID: 0}
  m_PrefabAsset: {fileID: 0}
  serializedVersion: 6
  m_Component:
  - component: {fileID: 4674096640746720761}
  m_Layer: 0
  m_Name: mixamorig:RightHand
  m_TagString: Untagged
  m_Icon: {fileID: 0}
  m_NavMeshLayer: 0
  m_StaticEditorFlags: 0
  m_IsActive: 1
--- !u!4 &4674096640746720761
Transform:
  m_ObjectHideFlags: 0
  m_CorrespondingSourceObject: {fileID: 0}
  m_PrefabInstance: {fileID: 0}
  m_PrefabAsset: {fileID: 0}
  m_GameObject: {fileID: 1138421217344507216}
  m_LocalRotation: {x: 0.000025987818, y: -0.000000044703476, z: 1.1585687e-12, w: 1}
  m_LocalPosition: {x: 0.27614462, y: 0.00000022661457, z: 0.0000001832407}
  m_LocalScale: {x: 1, y: 1, z: 1}
  m_Children:
  - {fileID: 7415553896592272923}
  - {fileID: 320071065866069690}
  - {fileID: 4278420136592522812}
  - {fileID: 7760984139405833810}
  - {fileID: 4793552756482937424}
  m_Father: {fileID: 4767444270779425074}
  m_RootOrder: 0
  m_LocalEulerAnglesHint: {x: 0, y: 0, z: 0}
--- !u!1 &1512291581673335937
GameObject:
  m_ObjectHideFlags: 0
  m_CorrespondingSourceObject: {fileID: 0}
  m_PrefabInstance: {fileID: 0}
  m_PrefabAsset: {fileID: 0}
  serializedVersion: 6
  m_Component:
  - component: {fileID: 1578248981823176414}
  m_Layer: 0
  m_Name: mixamorig:RightHandRing2
  m_TagString: Untagged
  m_Icon: {fileID: 0}
  m_NavMeshLayer: 0
  m_StaticEditorFlags: 0
  m_IsActive: 1
--- !u!4 &1578248981823176414
Transform:
  m_ObjectHideFlags: 0
  m_CorrespondingSourceObject: {fileID: 0}
  m_PrefabInstance: {fileID: 0}
  m_PrefabAsset: {fileID: 0}
  m_GameObject: {fileID: 1512291581673335937}
  m_LocalRotation: {x: -0.000000029802319, y: -0.000000029799999, z: 0.000000044705025,
    w: 1}
  m_LocalPosition: {x: 0.036011904, y: 0.0000000023856512, z: 0.0000003486698}
  m_LocalScale: {x: 1, y: 1, z: 1}
  m_Children:
  - {fileID: 5856309279858055547}
  m_Father: {fileID: 7760984139405833810}
  m_RootOrder: 0
  m_LocalEulerAnglesHint: {x: 0, y: 0, z: 0}
--- !u!1 &1562025696662775448
GameObject:
  m_ObjectHideFlags: 0
  m_CorrespondingSourceObject: {fileID: 0}
  m_PrefabInstance: {fileID: 0}
  m_PrefabAsset: {fileID: 0}
  serializedVersion: 6
  m_Component:
  - component: {fileID: 6255550924249940021}
  m_Layer: 0
  m_Name: mixamorig:LeftHandRing1
  m_TagString: Untagged
  m_Icon: {fileID: 0}
  m_NavMeshLayer: 0
  m_StaticEditorFlags: 0
  m_IsActive: 1
--- !u!4 &6255550924249940021
Transform:
  m_ObjectHideFlags: 0
  m_CorrespondingSourceObject: {fileID: 0}
  m_PrefabInstance: {fileID: 0}
  m_PrefabAsset: {fileID: 0}
  m_GameObject: {fileID: 1562025696662775448}
  m_LocalRotation: {x: 0.00000002980232, y: -0.000000029801548, z: 0.000000014902708,
    w: 1}
  m_LocalPosition: {x: -0.12147005, y: 0.00009894983, z: -0.022166291}
  m_LocalScale: {x: 1, y: 1, z: 1}
  m_Children:
  - {fileID: 505182531001775464}
  m_Father: {fileID: 3637976646810659219}
  m_RootOrder: 3
  m_LocalEulerAnglesHint: {x: 0, y: 0, z: 0}
--- !u!1 &1880761021360827473
GameObject:
  m_ObjectHideFlags: 0
  m_CorrespondingSourceObject: {fileID: 0}
  m_PrefabInstance: {fileID: 0}
  m_PrefabAsset: {fileID: 0}
  serializedVersion: 6
  m_Component:
  - component: {fileID: 5213095809504094387}
  m_Layer: 0
  m_Name: mixamorig:LeftHandPinky4
  m_TagString: Untagged
  m_Icon: {fileID: 0}
  m_NavMeshLayer: 0
  m_StaticEditorFlags: 0
  m_IsActive: 1
--- !u!4 &5213095809504094387
Transform:
  m_ObjectHideFlags: 0
  m_CorrespondingSourceObject: {fileID: 0}
  m_PrefabInstance: {fileID: 0}
  m_PrefabAsset: {fileID: 0}
  m_GameObject: {fileID: 1880761021360827473}
  m_LocalRotation: {x: 0, y: -0, z: -0, w: 1}
  m_LocalPosition: {x: -0.029238692, y: 0.000000014407377, z: 0.00000018732128}
  m_LocalScale: {x: 1, y: 1, z: 1}
  m_Children: []
  m_Father: {fileID: 584666448733119086}
  m_RootOrder: 0
  m_LocalEulerAnglesHint: {x: 0, y: 0, z: 0}
--- !u!1 &1959465168270616454
GameObject:
  m_ObjectHideFlags: 0
  m_CorrespondingSourceObject: {fileID: 0}
  m_PrefabInstance: {fileID: 0}
  m_PrefabAsset: {fileID: 0}
  serializedVersion: 6
  m_Component:
  - component: {fileID: 6599797405467830931}
  m_Layer: 0
  m_Name: mixamorig:HeadTop_End
  m_TagString: Untagged
  m_Icon: {fileID: 0}
  m_NavMeshLayer: 0
  m_StaticEditorFlags: 0
  m_IsActive: 1
--- !u!4 &6599797405467830931
Transform:
  m_ObjectHideFlags: 0
  m_CorrespondingSourceObject: {fileID: 0}
  m_PrefabInstance: {fileID: 0}
  m_PrefabAsset: {fileID: 0}
  m_GameObject: {fileID: 1959465168270616454}
  m_LocalRotation: {x: 0, y: -0, z: -0, w: 1}
  m_LocalPosition: {x: -0.0000015417259, y: 0.18474671, z: 0.06636399}
  m_LocalScale: {x: 1, y: 1, z: 1}
  m_Children: []
  m_Father: {fileID: 5690787542986086187}
  m_RootOrder: 0
  m_LocalEulerAnglesHint: {x: 0, y: 0, z: 0}
--- !u!1 &2048949312758628724
GameObject:
  m_ObjectHideFlags: 0
  m_CorrespondingSourceObject: {fileID: 0}
  m_PrefabInstance: {fileID: 0}
  m_PrefabAsset: {fileID: 0}
  serializedVersion: 6
  m_Component:
  - component: {fileID: 4593828504430856981}
  m_Layer: 0
  m_Name: mixamorig:RightHandThumb2
  m_TagString: Untagged
  m_Icon: {fileID: 0}
  m_NavMeshLayer: 0
  m_StaticEditorFlags: 0
  m_IsActive: 1
--- !u!4 &4593828504430856981
Transform:
  m_ObjectHideFlags: 0
  m_CorrespondingSourceObject: {fileID: 0}
  m_PrefabInstance: {fileID: 0}
  m_PrefabAsset: {fileID: 0}
  m_GameObject: {fileID: 2048949312758628724}
  m_LocalRotation: {x: 0.000005132493, y: 0.0000031770373, z: -0.000005675953, w: 1}
  m_LocalPosition: {x: 0.036754426, y: -0.021220084, z: 0.021220122}
  m_LocalScale: {x: 1, y: 1, z: 1}
  m_Children:
  - {fileID: 549434867368783132}
  m_Father: {fileID: 4793552756482937424}
  m_RootOrder: 0
  m_LocalEulerAnglesHint: {x: 0, y: 0, z: 0}
--- !u!1 &2712142100293234332
GameObject:
  m_ObjectHideFlags: 0
  m_CorrespondingSourceObject: {fileID: 0}
  m_PrefabInstance: {fileID: 0}
  m_PrefabAsset: {fileID: 0}
  serializedVersion: 6
  m_Component:
  - component: {fileID: 2868412476829550852}
  m_Layer: 0
  m_Name: mixamorig:RightToeBase
  m_TagString: Untagged
  m_Icon: {fileID: 0}
  m_NavMeshLayer: 0
  m_StaticEditorFlags: 0
  m_IsActive: 1
--- !u!4 &2868412476829550852
Transform:
  m_ObjectHideFlags: 0
  m_CorrespondingSourceObject: {fileID: 0}
  m_PrefabInstance: {fileID: 0}
  m_PrefabAsset: {fileID: 0}
  m_GameObject: {fileID: 2712142100293234332}
  m_LocalRotation: {x: 0.000000029802322, y: 6.530776e-11, z: -2.3527402e-10, w: 1}
  m_LocalPosition: {x: 0.0037335984, y: -0.10492194, z: 0.12640662}
  m_LocalScale: {x: 1, y: 1, z: 1}
  m_Children:
  - {fileID: 6272643135445759294}
  m_Father: {fileID: 7017829375003252248}
  m_RootOrder: 0
  m_LocalEulerAnglesHint: {x: 0, y: 0, z: 0}
--- !u!1 &2977961534199868682
GameObject:
  m_ObjectHideFlags: 0
  m_CorrespondingSourceObject: {fileID: 0}
  m_PrefabInstance: {fileID: 0}
  m_PrefabAsset: {fileID: 0}
  serializedVersion: 6
  m_Component:
  - component: {fileID: 4278420136592522812}
  m_Layer: 0
  m_Name: mixamorig:RightHandPinky1
  m_TagString: Untagged
  m_Icon: {fileID: 0}
  m_NavMeshLayer: 0
  m_StaticEditorFlags: 0
  m_IsActive: 1
--- !u!4 &4278420136592522812
Transform:
  m_ObjectHideFlags: 0
  m_CorrespondingSourceObject: {fileID: 0}
  m_PrefabInstance: {fileID: 0}
  m_PrefabAsset: {fileID: 0}
  m_GameObject: {fileID: 2977961534199868682}
  m_LocalRotation: {x: 0.00000007450581, y: 7.7383114e-13, z: 0.000000014901159, w: 1}
  m_LocalPosition: {x: 0.10908193, y: -0.002263685, z: -0.0472582}
  m_LocalScale: {x: 1, y: 1, z: 1}
  m_Children:
  - {fileID: 7562578054498707408}
  m_Father: {fileID: 4674096640746720761}
  m_RootOrder: 2
  m_LocalEulerAnglesHint: {x: 0, y: 0, z: 0}
--- !u!1 &3187238255491609018
GameObject:
  m_ObjectHideFlags: 0
  m_CorrespondingSourceObject: {fileID: 0}
  m_PrefabInstance: {fileID: 0}
  m_PrefabAsset: {fileID: 0}
  serializedVersion: 6
  m_Component:
  - component: {fileID: 1657092249980859864}
  m_Layer: 0
  m_Name: mixamorig:Spine1
  m_TagString: Untagged
  m_Icon: {fileID: 0}
  m_NavMeshLayer: 0
  m_StaticEditorFlags: 0
  m_IsActive: 1
--- !u!4 &1657092249980859864
Transform:
  m_ObjectHideFlags: 0
  m_CorrespondingSourceObject: {fileID: 0}
  m_PrefabInstance: {fileID: 0}
  m_PrefabAsset: {fileID: 0}
  m_GameObject: {fileID: 3187238255491609018}
  m_LocalRotation: {x: 3.8774097e-26, y: -4.2632574e-14, z: 6.82121e-13, w: 1}
  m_LocalPosition: {x: 0.0000013886521, y: 0.1164544, z: -0.014223412}
  m_LocalScale: {x: 1, y: 1, z: 1}
  m_Children:
  - {fileID: 6315544990676249132}
  m_Father: {fileID: 8790394524321315771}
  m_RootOrder: 0
  m_LocalEulerAnglesHint: {x: 0, y: 0, z: 0}
--- !u!1 &3213838461802249910
GameObject:
  m_ObjectHideFlags: 0
  m_CorrespondingSourceObject: {fileID: 0}
  m_PrefabInstance: {fileID: 0}
  m_PrefabAsset: {fileID: 0}
  serializedVersion: 6
  m_Component:
  - component: {fileID: 819366774996459853}
  m_Layer: 0
  m_Name: mixamorig:RightHandIndex4
  m_TagString: Untagged
  m_Icon: {fileID: 0}
  m_NavMeshLayer: 0
  m_StaticEditorFlags: 0
  m_IsActive: 1
--- !u!4 &819366774996459853
Transform:
  m_ObjectHideFlags: 0
  m_CorrespondingSourceObject: {fileID: 0}
  m_PrefabInstance: {fileID: 0}
  m_PrefabAsset: {fileID: 0}
  m_GameObject: {fileID: 3213838461802249910}
  m_LocalRotation: {x: 0, y: -0, z: -0, w: 1}
  m_LocalPosition: {x: 0.030779855, y: -0.000000009372842, z: -0.00000008780579}
  m_LocalScale: {x: 1, y: 1, z: 1}
  m_Children: []
  m_Father: {fileID: 3824377929563876272}
  m_RootOrder: 0
  m_LocalEulerAnglesHint: {x: 0, y: 0, z: 0}
--- !u!1 &3544596417246962464
GameObject:
  m_ObjectHideFlags: 0
  m_CorrespondingSourceObject: {fileID: 0}
  m_PrefabInstance: {fileID: 0}
  m_PrefabAsset: {fileID: 0}
  serializedVersion: 6
  m_Component:
  - component: {fileID: 4336657366520683291}
  - component: {fileID: 4787378719098318169}
  m_Layer: 0
  m_Name: Alpha_Surface
  m_TagString: Untagged
  m_Icon: {fileID: 0}
  m_NavMeshLayer: 0
  m_StaticEditorFlags: 0
  m_IsActive: 1
--- !u!4 &4336657366520683291
Transform:
  m_ObjectHideFlags: 0
  m_CorrespondingSourceObject: {fileID: 0}
  m_PrefabInstance: {fileID: 0}
  m_PrefabAsset: {fileID: 0}
  m_GameObject: {fileID: 3544596417246962464}
  m_LocalRotation: {x: 0, y: -0, z: -0, w: 1}
  m_LocalPosition: {x: -0, y: 0, z: 0}
  m_LocalScale: {x: 1, y: 1, z: 1}
  m_Children: []
  m_Father: {fileID: 5410607484933584855}
  m_RootOrder: 1
  m_LocalEulerAnglesHint: {x: 0, y: 0, z: 0}
--- !u!137 &4787378719098318169
SkinnedMeshRenderer:
  m_ObjectHideFlags: 0
  m_CorrespondingSourceObject: {fileID: 0}
  m_PrefabInstance: {fileID: 0}
  m_PrefabAsset: {fileID: 0}
  m_GameObject: {fileID: 3544596417246962464}
  m_Enabled: 1
  m_CastShadows: 1
  m_ReceiveShadows: 1
  m_DynamicOccludee: 1
  m_MotionVectors: 1
  m_LightProbeUsage: 1
  m_ReflectionProbeUsage: 1
  m_RenderingLayerMask: 1
  m_RendererPriority: 0
  m_Materials:
  - {fileID: -4565884009001823619, guid: 0e49643629bd1e04584ed536f9135f79, type: 3}
  m_StaticBatchInfo:
    firstSubMesh: 0
    subMeshCount: 0
  m_StaticBatchRoot: {fileID: 0}
  m_ProbeAnchor: {fileID: 0}
  m_LightProbeVolumeOverride: {fileID: 0}
  m_ScaleInLightmap: 1
  m_PreserveUVs: 0
  m_IgnoreNormalsForChartDetection: 0
  m_ImportantGI: 0
  m_StitchLightmapSeams: 1
  m_SelectedEditorRenderState: 3
  m_MinimumChartSize: 4
  m_AutoUVMaxDistance: 0.5
  m_AutoUVMaxAngle: 89
  m_LightmapParameters: {fileID: 0}
  m_SortingLayerID: 0
  m_SortingLayer: 0
  m_SortingOrder: 0
  serializedVersion: 2
  m_Quality: 0
  m_UpdateWhenOffscreen: 0
  m_SkinnedMotionVectors: 1
  m_Mesh: {fileID: 4777371684598551356, guid: 0e49643629bd1e04584ed536f9135f79, type: 3}
  m_Bones:
  - {fileID: 3997558872556321102}
  - {fileID: 8790394524321315771}
  - {fileID: 1657092249980859864}
  - {fileID: 6315544990676249132}
  - {fileID: 42516039773574222}
  - {fileID: 5690787542986086187}
  - {fileID: 1367509210481645080}
  - {fileID: 7788512222710641813}
  - {fileID: 3692940536079003447}
  - {fileID: 3637976646810659219}
  - {fileID: 6514914511886735324}
  - {fileID: 4221597337180087760}
  - {fileID: 3335070624877562156}
  - {fileID: 1307556509255769530}
  - {fileID: 6513305298509472531}
  - {fileID: 5734597610064579582}
  - {fileID: 7374116889041781013}
  - {fileID: 7554948276909696649}
  - {fileID: 7957990405482498037}
  - {fileID: 6255550924249940021}
  - {fileID: 505182531001775464}
  - {fileID: 1332561614719041064}
  - {fileID: 506703600431920876}
  - {fileID: 8621682151230228146}
  - {fileID: 584666448733119086}
  - {fileID: 8542722092052099998}
  - {fileID: 438375870449456791}
  - {fileID: 4767444270779425074}
  - {fileID: 4674096640746720761}
  - {fileID: 320071065866069690}
  - {fileID: 8729297165242494509}
  - {fileID: 3651776499045157918}
  - {fileID: 4793552756482937424}
  - {fileID: 4593828504430856981}
  - {fileID: 549434867368783132}
  - {fileID: 7415553896592272923}
  - {fileID: 3217683643528012800}
  - {fileID: 3824377929563876272}
  - {fileID: 7760984139405833810}
  - {fileID: 1578248981823176414}
  - {fileID: 5856309279858055547}
  - {fileID: 4278420136592522812}
  - {fileID: 7562578054498707408}
  - {fileID: 1030725675307993204}
  - {fileID: 8227378201880351874}
  - {fileID: 408269410482374702}
  - {fileID: 7017829375003252248}
  - {fileID: 2868412476829550852}
  - {fileID: 6180491564029539307}
  - {fileID: 8597263372785770581}
  - {fileID: 6215516324917443711}
  - {fileID: 1544792835786148275}
  m_BlendShapeWeights: []
  m_RootBone: {fileID: 3997558872556321102}
  m_AABB:
    m_Center: {x: 0.0000009536743, y: -0.09565458, z: 0.021622837}
    m_Extent: {x: 0.97342485, y: 0.90236723, z: 0.18213426}
  m_DirtyAABB: 0
--- !u!1 &3589041954186912000
GameObject:
  m_ObjectHideFlags: 0
  m_CorrespondingSourceObject: {fileID: 0}
  m_PrefabInstance: {fileID: 0}
  m_PrefabAsset: {fileID: 0}
  serializedVersion: 6
  m_Component:
  - component: {fileID: 7415553896592272923}
  m_Layer: 0
  m_Name: mixamorig:RightHandIndex1
  m_TagString: Untagged
  m_Icon: {fileID: 0}
  m_NavMeshLayer: 0
  m_StaticEditorFlags: 0
  m_IsActive: 1
--- !u!4 &7415553896592272923
Transform:
  m_ObjectHideFlags: 0
  m_CorrespondingSourceObject: {fileID: 0}
  m_PrefabInstance: {fileID: 0}
  m_PrefabAsset: {fileID: 0}
  m_GameObject: {fileID: 3589041954186912000}
  m_LocalRotation: {x: 0.000000014901163, y: 7.7294296e-13, z: 0.00000001490116, w: 1}
  m_LocalPosition: {x: 0.12266616, y: -0.002316732, z: 0.028220555}
  m_LocalScale: {x: 1, y: 1, z: 1}
  m_Children:
  - {fileID: 3217683643528012800}
  m_Father: {fileID: 4674096640746720761}
  m_RootOrder: 0
  m_LocalEulerAnglesHint: {x: 0, y: 0, z: 0}
--- !u!1 &3699621752038479674
GameObject:
  m_ObjectHideFlags: 0
  m_CorrespondingSourceObject: {fileID: 0}
  m_PrefabInstance: {fileID: 0}
  m_PrefabAsset: {fileID: 0}
  serializedVersion: 6
  m_Component:
  - component: {fileID: 584666448733119086}
  m_Layer: 0
  m_Name: mixamorig:LeftHandPinky3
  m_TagString: Untagged
  m_Icon: {fileID: 0}
  m_NavMeshLayer: 0
  m_StaticEditorFlags: 0
  m_IsActive: 1
--- !u!4 &584666448733119086
Transform:
  m_ObjectHideFlags: 0
  m_CorrespondingSourceObject: {fileID: 0}
  m_PrefabInstance: {fileID: 0}
  m_PrefabAsset: {fileID: 0}
  m_GameObject: {fileID: 3699621752038479674}
  m_LocalRotation: {x: -0.000000059604645, y: -0.000000029803868, z: -0.000000029800773,
    w: 1}
  m_LocalPosition: {x: -0.025948359, y: 5.93904e-10, z: -0.00000036009018}
  m_LocalScale: {x: 1, y: 1, z: 1}
  m_Children:
  - {fileID: 5213095809504094387}
  m_Father: {fileID: 8621682151230228146}
  m_RootOrder: 0
  m_LocalEulerAnglesHint: {x: 0, y: 0, z: 0}
--- !u!1 &3727604286168666819
GameObject:
  m_ObjectHideFlags: 0
  m_CorrespondingSourceObject: {fileID: 0}
  m_PrefabInstance: {fileID: 0}
  m_PrefabAsset: {fileID: 0}
  serializedVersion: 6
  m_Component:
  - component: {fileID: 6674241532502102144}
  m_Layer: 0
  m_Name: mixamorig:RightHandPinky4
  m_TagString: Untagged
  m_Icon: {fileID: 0}
  m_NavMeshLayer: 0
  m_StaticEditorFlags: 0
  m_IsActive: 1
--- !u!4 &6674241532502102144
Transform:
  m_ObjectHideFlags: 0
  m_CorrespondingSourceObject: {fileID: 0}
  m_PrefabInstance: {fileID: 0}
  m_PrefabAsset: {fileID: 0}
  m_GameObject: {fileID: 3727604286168666819}
  m_LocalRotation: {x: 0, y: -0, z: -0, w: 1}
  m_LocalPosition: {x: 0.029238692, y: 0.00000000641227, z: 0.00000018695744}
  m_LocalScale: {x: 1, y: 1, z: 1}
  m_Children: []
  m_Father: {fileID: 1030725675307993204}
  m_RootOrder: 0
  m_LocalEulerAnglesHint: {x: 0, y: 0, z: 0}
--- !u!1 &3738308187724380834
GameObject:
  m_ObjectHideFlags: 0
  m_CorrespondingSourceObject: {fileID: 0}
  m_PrefabInstance: {fileID: 0}
  m_PrefabAsset: {fileID: 0}
  serializedVersion: 6
  m_Component:
  - component: {fileID: 5270122040941384864}
  m_Layer: 0
  m_Name: mixamorig:RightEye
  m_TagString: Untagged
  m_Icon: {fileID: 0}
  m_NavMeshLayer: 0
  m_StaticEditorFlags: 0
  m_IsActive: 1
--- !u!4 &5270122040941384864
Transform:
  m_ObjectHideFlags: 0
  m_CorrespondingSourceObject: {fileID: 0}
  m_PrefabInstance: {fileID: 0}
  m_PrefabAsset: {fileID: 0}
  m_GameObject: {fileID: 3738308187724380834}
  m_LocalRotation: {x: 0, y: -0, z: -0, w: 1}
  m_LocalPosition: {x: 0.029444808, y: 0.07681745, z: 0.091204956}
  m_LocalScale: {x: 1, y: 1, z: 1}
  m_Children: []
  m_Father: {fileID: 5690787542986086187}
  m_RootOrder: 2
  m_LocalEulerAnglesHint: {x: 0, y: 0, z: 0}
--- !u!1 &3882413292353527493
GameObject:
  m_ObjectHideFlags: 0
  m_CorrespondingSourceObject: {fileID: 0}
  m_PrefabInstance: {fileID: 0}
  m_PrefabAsset: {fileID: 0}
  serializedVersion: 6
  m_Component:
  - component: {fileID: 8790394524321315771}
  m_Layer: 0
  m_Name: mixamorig:Spine
  m_TagString: Untagged
  m_Icon: {fileID: 0}
  m_NavMeshLayer: 0
  m_StaticEditorFlags: 0
  m_IsActive: 1
--- !u!4 &8790394524321315771
Transform:
  m_ObjectHideFlags: 0
  m_CorrespondingSourceObject: {fileID: 0}
  m_PrefabInstance: {fileID: 0}
  m_PrefabAsset: {fileID: 0}
  m_GameObject: {fileID: 3882413292353527493}
  m_LocalRotation: {x: -1.3930783e-15, y: -0.00000001376344, z: 0.00000044177568,
    w: 1}
  m_LocalPosition: {x: -0.0000000056483196, y: 0.09923459, z: -0.012273348}
  m_LocalScale: {x: 1, y: 1, z: 1}
  m_Children:
  - {fileID: 1657092249980859864}
  m_Father: {fileID: 3997558872556321102}
  m_RootOrder: 2
  m_LocalEulerAnglesHint: {x: 0, y: 0, z: 0}
--- !u!1 &4118904006269712486
GameObject:
  m_ObjectHideFlags: 0
  m_CorrespondingSourceObject: {fileID: 0}
  m_PrefabInstance: {fileID: 0}
  m_PrefabAsset: {fileID: 0}
  serializedVersion: 6
  m_Component:
  - component: {fileID: 3692940536079003447}
  m_Layer: 0
  m_Name: mixamorig:LeftForeArm
  m_TagString: Untagged
  m_Icon: {fileID: 0}
  m_NavMeshLayer: 0
  m_StaticEditorFlags: 0
  m_IsActive: 1
--- !u!4 &3692940536079003447
Transform:
  m_ObjectHideFlags: 0
  m_CorrespondingSourceObject: {fileID: 0}
  m_PrefabInstance: {fileID: 0}
  m_PrefabAsset: {fileID: 0}
  m_GameObject: {fileID: 4118904006269712486}
  m_LocalRotation: {x: -0.000000059604638, y: -0.000000003900862, z: -1.3205547e-24,
    w: 1}
  m_LocalPosition: {x: -0.27404684, y: 0.00000039126675, z: 0.000000065881096}
  m_LocalScale: {x: 1, y: 1, z: 1}
  m_Children:
  - {fileID: 3637976646810659219}
  m_Father: {fileID: 7788512222710641813}
  m_RootOrder: 0
  m_LocalEulerAnglesHint: {x: 0, y: 0, z: 0}
--- !u!1 &4167500002392218484
GameObject:
  m_ObjectHideFlags: 0
  m_CorrespondingSourceObject: {fileID: 0}
  m_PrefabInstance: {fileID: 0}
  m_PrefabAsset: {fileID: 0}
  serializedVersion: 6
  m_Component:
  - component: {fileID: 5856309279858055547}
  m_Layer: 0
  m_Name: mixamorig:RightHandRing3
  m_TagString: Untagged
  m_Icon: {fileID: 0}
  m_NavMeshLayer: 0
  m_StaticEditorFlags: 0
  m_IsActive: 1
--- !u!4 &5856309279858055547
Transform:
  m_ObjectHideFlags: 0
  m_CorrespondingSourceObject: {fileID: 0}
  m_PrefabInstance: {fileID: 0}
  m_PrefabAsset: {fileID: 0}
  m_GameObject: {fileID: 4167500002392218484}
  m_LocalRotation: {x: 0.000000059604638, y: 0.000000014897292, z: -0.00000007450657,
    w: 1}
  m_LocalPosition: {x: 0.03307317, y: 0.00000003760175, z: -0.00000021114596}
  m_LocalScale: {x: 1, y: 1, z: 1}
  m_Children:
  - {fileID: 4398321538110809209}
  m_Father: {fileID: 1578248981823176414}
  m_RootOrder: 0
  m_LocalEulerAnglesHint: {x: 0, y: 0, z: 0}
--- !u!1 &4342588877253564312
GameObject:
  m_ObjectHideFlags: 0
  m_CorrespondingSourceObject: {fileID: 0}
  m_PrefabInstance: {fileID: 0}
  m_PrefabAsset: {fileID: 0}
  serializedVersion: 6
  m_Component:
  - component: {fileID: 506703600431920876}
  m_Layer: 0
  m_Name: mixamorig:LeftHandPinky1
  m_TagString: Untagged
  m_Icon: {fileID: 0}
  m_NavMeshLayer: 0
  m_StaticEditorFlags: 0
  m_IsActive: 1
--- !u!4 &506703600431920876
Transform:
  m_ObjectHideFlags: 0
  m_CorrespondingSourceObject: {fileID: 0}
  m_PrefabInstance: {fileID: 0}
  m_PrefabAsset: {fileID: 0}
  m_GameObject: {fileID: 4342588877253564312}
  m_LocalRotation: {x: 0.000000029802322, y: -0.000000014901934, z: -0.0000000149003885,
    w: 1}
  m_LocalPosition: {x: -0.10908195, y: -0.0022636496, z: -0.047258176}
  m_LocalScale: {x: 1, y: 1, z: 1}
  m_Children:
  - {fileID: 8621682151230228146}
  m_Father: {fileID: 3637976646810659219}
  m_RootOrder: 2
  m_LocalEulerAnglesHint: {x: 0, y: 0, z: 0}
--- !u!1 &4459480173931121874
GameObject:
  m_ObjectHideFlags: 0
  m_CorrespondingSourceObject: {fileID: 0}
  m_PrefabInstance: {fileID: 0}
  m_PrefabAsset: {fileID: 0}
  serializedVersion: 6
  m_Component:
  - component: {fileID: 7957990405482498037}
  m_Layer: 0
  m_Name: mixamorig:LeftHandIndex3
  m_TagString: Untagged
  m_Icon: {fileID: 0}
  m_NavMeshLayer: 0
  m_StaticEditorFlags: 0
  m_IsActive: 1
--- !u!4 &7957990405482498037
Transform:
  m_ObjectHideFlags: 0
  m_CorrespondingSourceObject: {fileID: 0}
  m_PrefabInstance: {fileID: 0}
  m_PrefabAsset: {fileID: 0}
  m_GameObject: {fileID: 4459480173931121874}
  m_LocalRotation: {x: 7.528409e-15, y: 0.0000000148980766, z: -0.000000059605426,
    w: 1}
  m_LocalPosition: {x: -0.03415161, y: 0.000000005749108, z: -0.00000008770533}
  m_LocalScale: {x: 1, y: 1, z: 1}
  m_Children:
  - {fileID: 4246961026848861129}
  m_Father: {fileID: 7554948276909696649}
  m_RootOrder: 0
  m_LocalEulerAnglesHint: {x: 0, y: 0, z: 0}
--- !u!1 &4717437661593629883
GameObject:
  m_ObjectHideFlags: 0
  m_CorrespondingSourceObject: {fileID: 0}
  m_PrefabInstance: {fileID: 0}
  m_PrefabAsset: {fileID: 0}
  serializedVersion: 6
  m_Component:
  - component: {fileID: 3335070624877562156}
  m_Layer: 0
  m_Name: mixamorig:LeftHandMiddle3
  m_TagString: Untagged
  m_Icon: {fileID: 0}
  m_NavMeshLayer: 0
  m_StaticEditorFlags: 0
  m_IsActive: 1
--- !u!4 &3335070624877562156
Transform:
  m_ObjectHideFlags: 0
  m_CorrespondingSourceObject: {fileID: 0}
  m_PrefabInstance: {fileID: 0}
  m_PrefabAsset: {fileID: 0}
  m_GameObject: {fileID: 4717437661593629883}
  m_LocalRotation: {x: 3.2786822e-16, y: -7.7005665e-13, z: -0.000000014901165, w: 1}
  m_LocalPosition: {x: -0.0345976, y: 0.000000005432471, z: -0.00000026419679}
  m_LocalScale: {x: 1, y: 1, z: 1}
  m_Children:
  - {fileID: 4047242639759109180}
  m_Father: {fileID: 4221597337180087760}
  m_RootOrder: 0
  m_LocalEulerAnglesHint: {x: 0, y: 0, z: 0}
--- !u!1 &4937582889788282621
GameObject:
  m_ObjectHideFlags: 0
  m_CorrespondingSourceObject: {fileID: 0}
  m_PrefabInstance: {fileID: 0}
  m_PrefabAsset: {fileID: 0}
  serializedVersion: 6
  m_Component:
  - component: {fileID: 4047242639759109180}
  m_Layer: 0
  m_Name: mixamorig:LeftHandMiddle4
  m_TagString: Untagged
  m_Icon: {fileID: 0}
  m_NavMeshLayer: 0
  m_StaticEditorFlags: 0
  m_IsActive: 1
--- !u!4 &4047242639759109180
Transform:
  m_ObjectHideFlags: 0
  m_CorrespondingSourceObject: {fileID: 0}
  m_PrefabInstance: {fileID: 0}
  m_PrefabAsset: {fileID: 0}
  m_GameObject: {fileID: 4937582889788282621}
  m_LocalRotation: {x: 0, y: -0, z: -0, w: 1}
  m_LocalPosition: {x: -0.036801923, y: -8.559337e-10, z: 0.00000032769248}
  m_LocalScale: {x: 1, y: 1, z: 1}
  m_Children: []
  m_Father: {fileID: 3335070624877562156}
  m_RootOrder: 0
  m_LocalEulerAnglesHint: {x: 0, y: 0, z: 0}
--- !u!1 &4960238980041859100
GameObject:
  m_ObjectHideFlags: 0
  m_CorrespondingSourceObject: {fileID: 0}
  m_PrefabInstance: {fileID: 0}
  m_PrefabAsset: {fileID: 0}
  serializedVersion: 6
  m_Component:
  - component: {fileID: 4159440418465624592}
  m_Layer: 0
  m_Name: mixamorig:RightHandMiddle4
  m_TagString: Untagged
  m_Icon: {fileID: 0}
  m_NavMeshLayer: 0
  m_StaticEditorFlags: 0
  m_IsActive: 1
--- !u!4 &4159440418465624592
Transform:
  m_ObjectHideFlags: 0
  m_CorrespondingSourceObject: {fileID: 0}
  m_PrefabInstance: {fileID: 0}
  m_PrefabAsset: {fileID: 0}
  m_GameObject: {fileID: 4960238980041859100}
  m_LocalRotation: {x: 0, y: -0, z: -0, w: 1}
  m_LocalPosition: {x: 0.036801923, y: -0.000000006576055, z: 0.00000032509809}
  m_LocalScale: {x: 1, y: 1, z: 1}
  m_Children: []
  m_Father: {fileID: 3651776499045157918}
  m_RootOrder: 0
  m_LocalEulerAnglesHint: {x: 0, y: 0, z: 0}
--- !u!1 &5166554523568605486
GameObject:
  m_ObjectHideFlags: 0
  m_CorrespondingSourceObject: {fileID: 0}
  m_PrefabInstance: {fileID: 0}
  m_PrefabAsset: {fileID: 0}
  serializedVersion: 6
  m_Component:
  - component: {fileID: 7374116889041781013}
  m_Layer: 0
  m_Name: mixamorig:LeftHandIndex1
  m_TagString: Untagged
  m_Icon: {fileID: 0}
  m_NavMeshLayer: 0
  m_StaticEditorFlags: 0
  m_IsActive: 1
--- !u!4 &7374116889041781013
Transform:
  m_ObjectHideFlags: 0
  m_CorrespondingSourceObject: {fileID: 0}
  m_PrefabInstance: {fileID: 0}
  m_PrefabAsset: {fileID: 0}
  m_GameObject: {fileID: 5166554523568605486}
  m_LocalRotation: {x: 0.00000007450581, y: -7.738312e-13, z: -0.000000014901161,
    w: 1}
  m_LocalPosition: {x: -0.12266614, y: -0.0023166884, z: 0.028220579}
  m_LocalScale: {x: 1, y: 1, z: 1}
  m_Children:
  - {fileID: 7554948276909696649}
  m_Father: {fileID: 3637976646810659219}
  m_RootOrder: 0
  m_LocalEulerAnglesHint: {x: 0, y: 0, z: 0}
--- !u!1 &5554694933295870251
GameObject:
  m_ObjectHideFlags: 0
  m_CorrespondingSourceObject: {fileID: 0}
  m_PrefabInstance: {fileID: 0}
  m_PrefabAsset: {fileID: 0}
  serializedVersion: 6
  m_Component:
  - component: {fileID: 438375870449456791}
  m_Layer: 0
  m_Name: mixamorig:RightArm
  m_TagString: Untagged
  m_Icon: {fileID: 0}
  m_NavMeshLayer: 0
  m_StaticEditorFlags: 0
  m_IsActive: 1
--- !u!4 &438375870449456791
Transform:
  m_ObjectHideFlags: 0
  m_CorrespondingSourceObject: {fileID: 0}
  m_PrefabInstance: {fileID: 0}
  m_PrefabAsset: {fileID: 0}
  m_GameObject: {fileID: 5554694933295870251}
  m_LocalRotation: {x: 0.000000014901161, y: 7.7756505e-24, z: 0.000000044703484,
    w: 1}
  m_LocalPosition: {x: 0.1265504, y: -0.0026602063, z: -0.026008958}
  m_LocalScale: {x: 1, y: 1, z: 1}
  m_Children:
  - {fileID: 4767444270779425074}
  m_Father: {fileID: 8542722092052099998}
  m_RootOrder: 0
  m_LocalEulerAnglesHint: {x: 0, y: 0, z: 0}
--- !u!1 &5587583789553022436
GameObject:
  m_ObjectHideFlags: 0
  m_CorrespondingSourceObject: {fileID: 0}
  m_PrefabInstance: {fileID: 0}
  m_PrefabAsset: {fileID: 0}
  serializedVersion: 6
  m_Component:
  - component: {fileID: 8621682151230228146}
  m_Layer: 0
  m_Name: mixamorig:LeftHandPinky2
  m_TagString: Untagged
  m_Icon: {fileID: 0}
  m_NavMeshLayer: 0
  m_StaticEditorFlags: 0
  m_IsActive: 1
--- !u!4 &8621682151230228146
Transform:
  m_ObjectHideFlags: 0
  m_CorrespondingSourceObject: {fileID: 0}
  m_PrefabInstance: {fileID: 0}
  m_PrefabAsset: {fileID: 0}
  m_GameObject: {fileID: 5587583789553022436}
  m_LocalRotation: {x: 0.00000002980232, y: -0.000000014900387, z: 0.000000014901936,
    w: 1}
  m_LocalPosition: {x: -0.041366525, y: 0.000000022999533, z: 0.00000026898434}
  m_LocalScale: {x: 1, y: 1, z: 1}
  m_Children:
  - {fileID: 584666448733119086}
  m_Father: {fileID: 506703600431920876}
  m_RootOrder: 0
  m_LocalEulerAnglesHint: {x: 0, y: 0, z: 0}
--- !u!1 &6270339708037804822
GameObject:
  m_ObjectHideFlags: 0
  m_CorrespondingSourceObject: {fileID: 0}
  m_PrefabInstance: {fileID: 0}
  m_PrefabAsset: {fileID: 0}
  serializedVersion: 6
  m_Component:
  - component: {fileID: 8542722092052099998}
  m_Layer: 0
  m_Name: mixamorig:RightShoulder
  m_TagString: Untagged
  m_Icon: {fileID: 0}
  m_NavMeshLayer: 0
  m_StaticEditorFlags: 0
  m_IsActive: 1
--- !u!4 &8542722092052099998
Transform:
  m_ObjectHideFlags: 0
  m_CorrespondingSourceObject: {fileID: 0}
  m_PrefabInstance: {fileID: 0}
  m_PrefabAsset: {fileID: 0}
  m_GameObject: {fileID: 6270339708037804822}
  m_LocalRotation: {x: -0.000000014901161, y: 4.2632564e-14, z: -0.000000044703256,
    w: 1}
  m_LocalPosition: {x: 0.06105696, y: 0.09110509, z: 0.007055634}
  m_LocalScale: {x: 1, y: 1, z: 1}
  m_Children:
  - {fileID: 438375870449456791}
  m_Father: {fileID: 6315544990676249132}
  m_RootOrder: 2
  m_LocalEulerAnglesHint: {x: 0, y: 0, z: 0}
--- !u!1 &6302278984966164422
GameObject:
  m_ObjectHideFlags: 0
  m_CorrespondingSourceObject: {fileID: 0}
  m_PrefabInstance: {fileID: 0}
  m_PrefabAsset: {fileID: 0}
  serializedVersion: 6
  m_Component:
  - component: {fileID: 8597263372785770581}
  m_Layer: 0
  m_Name: mixamorig:LeftLeg
  m_TagString: Untagged
  m_Icon: {fileID: 0}
  m_NavMeshLayer: 0
  m_StaticEditorFlags: 0
  m_IsActive: 1
--- !u!4 &8597263372785770581
Transform:
  m_ObjectHideFlags: 0
  m_CorrespondingSourceObject: {fileID: 0}
  m_PrefabInstance: {fileID: 0}
  m_PrefabAsset: {fileID: 0}
  m_GameObject: {fileID: 6302278984966164422}
  m_LocalRotation: {x: 0.000035527948, y: 0.000000089582485, z: 0.0000000041595536,
    w: 1}
  m_LocalPosition: {x: -0.0024468019, y: -0.40595403, z: -0.005170411}
  m_LocalScale: {x: 1, y: 1, z: 1}
  m_Children:
  - {fileID: 6215516324917443711}
  m_Father: {fileID: 6180491564029539307}
  m_RootOrder: 0
  m_LocalEulerAnglesHint: {x: 0, y: 0, z: 0}
--- !u!1 &6446832981556806625
GameObject:
  m_ObjectHideFlags: 0
  m_CorrespondingSourceObject: {fileID: 0}
  m_PrefabInstance: {fileID: 0}
  m_PrefabAsset: {fileID: 0}
  serializedVersion: 6
  m_Component:
  - component: {fileID: 843444155558905001}
  m_Layer: 0
  m_Name: mixamorig:LeftToe_End
  m_TagString: Untagged
  m_Icon: {fileID: 0}
  m_NavMeshLayer: 0
  m_StaticEditorFlags: 0
  m_IsActive: 1
--- !u!4 &843444155558905001
Transform:
  m_ObjectHideFlags: 0
  m_CorrespondingSourceObject: {fileID: 0}
  m_PrefabInstance: {fileID: 0}
  m_PrefabAsset: {fileID: 0}
  m_GameObject: {fileID: 6446832981556806625}
  m_LocalRotation: {x: 0, y: -0, z: -0, w: 1}
  m_LocalPosition: {x: 0.000000002053664, y: 0.000000009634096, z: 0.09992521}
  m_LocalScale: {x: 1, y: 1, z: 1}
  m_Children: []
  m_Father: {fileID: 1544792835786148275}
  m_RootOrder: 0
  m_LocalEulerAnglesHint: {x: 0, y: 0, z: 0}
--- !u!1 &6468710682713797014
GameObject:
  m_ObjectHideFlags: 0
  m_CorrespondingSourceObject: {fileID: 0}
  m_PrefabInstance: {fileID: 0}
  m_PrefabAsset: {fileID: 0}
  serializedVersion: 6
  m_Component:
  - component: {fileID: 6215516324917443711}
  m_Layer: 0
  m_Name: mixamorig:LeftFoot
  m_TagString: Untagged
  m_Icon: {fileID: 0}
  m_NavMeshLayer: 0
  m_StaticEditorFlags: 0
  m_IsActive: 1
--- !u!4 &6215516324917443711
Transform:
  m_ObjectHideFlags: 0
  m_CorrespondingSourceObject: {fileID: 0}
  m_PrefabInstance: {fileID: 0}
  m_PrefabAsset: {fileID: 0}
  m_GameObject: {fileID: 6468710682713797014}
  m_LocalRotation: {x: -0.000018015498, y: -0.00000010461389, z: -0.0000000013931898,
    w: 1}
  m_LocalPosition: {x: 0.002446696, y: -0.42047998, z: -0.020576412}
  m_LocalScale: {x: 1, y: 1, z: 1}
  m_Children:
  - {fileID: 1544792835786148275}
  m_Father: {fileID: 8597263372785770581}
  m_RootOrder: 0
  m_LocalEulerAnglesHint: {x: 0, y: 0, z: 0}
--- !u!1 &6566849376959779332
GameObject:
  m_ObjectHideFlags: 0
  m_CorrespondingSourceObject: {fileID: 0}
  m_PrefabInstance: {fileID: 0}
  m_PrefabAsset: {fileID: 0}
  serializedVersion: 6
  m_Component:
  - component: {fileID: 7017829375003252248}
  m_Layer: 0
  m_Name: mixamorig:RightFoot
  m_TagString: Untagged
  m_Icon: {fileID: 0}
  m_NavMeshLayer: 0
  m_StaticEditorFlags: 0
  m_IsActive: 1
--- !u!4 &7017829375003252248
Transform:
  m_ObjectHideFlags: 0
  m_CorrespondingSourceObject: {fileID: 0}
  m_PrefabInstance: {fileID: 0}
  m_PrefabAsset: {fileID: 0}
  m_GameObject: {fileID: 6566849376959779332}
  m_LocalRotation: {x: -0.000003650786, y: 0.000000020896566, z: 0.0000000039579957,
    w: 1}
  m_LocalPosition: {x: -0.0024466943, y: -0.4204787, z: -0.02060231}
  m_LocalScale: {x: 1, y: 1, z: 1}
  m_Children:
  - {fileID: 2868412476829550852}
  m_Father: {fileID: 408269410482374702}
  m_RootOrder: 0
  m_LocalEulerAnglesHint: {x: 0, y: 0, z: 0}
--- !u!1 &6746441732202101978
GameObject:
  m_ObjectHideFlags: 0
  m_CorrespondingSourceObject: {fileID: 0}
  m_PrefabInstance: {fileID: 0}
  m_PrefabAsset: {fileID: 0}
  serializedVersion: 6
  m_Component:
  - component: {fileID: 6514914511886735324}
  m_Layer: 0
  m_Name: mixamorig:LeftHandMiddle1
  m_TagString: Untagged
  m_Icon: {fileID: 0}
  m_NavMeshLayer: 0
  m_StaticEditorFlags: 0
  m_IsActive: 1
--- !u!4 &6514914511886735324
Transform:
  m_ObjectHideFlags: 0
  m_CorrespondingSourceObject: {fileID: 0}
  m_PrefabInstance: {fileID: 0}
  m_PrefabAsset: {fileID: 0}
  m_GameObject: {fileID: 6746441732202101978}
  m_LocalRotation: {x: 0.000000014901159, y: -0.000000044701945, z: 0.00000002980465,
    w: 1}
  m_LocalPosition: {x: -0.12775522, y: 0.00000013342024, z: 0.00000020418457}
  m_LocalScale: {x: 1, y: 1, z: 1}
  m_Children:
  - {fileID: 4221597337180087760}
  m_Father: {fileID: 3637976646810659219}
  m_RootOrder: 1
  m_LocalEulerAnglesHint: {x: 0, y: 0, z: 0}
--- !u!1 &6794921186602361600
GameObject:
  m_ObjectHideFlags: 0
  m_CorrespondingSourceObject: {fileID: 0}
  m_PrefabInstance: {fileID: 0}
  m_PrefabAsset: {fileID: 0}
  serializedVersion: 6
  m_Component:
  - component: {fileID: 3997558872556321102}
  m_Layer: 0
  m_Name: mixamorig:Hips
  m_TagString: Untagged
  m_Icon: {fileID: 0}
  m_NavMeshLayer: 0
  m_StaticEditorFlags: 0
  m_IsActive: 1
--- !u!4 &3997558872556321102
Transform:
  m_ObjectHideFlags: 0
  m_CorrespondingSourceObject: {fileID: 0}
  m_PrefabInstance: {fileID: 0}
  m_PrefabAsset: {fileID: 0}
  m_GameObject: {fileID: 6794921186602361600}
  m_LocalRotation: {x: 1.3930912e-15, y: 0.00000001376344, z: -0.0000004417766, w: 1}
  m_LocalPosition: {x: 0.00000006757011, y: 0.9979194, z: 0.000000484474}
  m_LocalScale: {x: 1, y: 1, z: 1}
  m_Children:
  - {fileID: 6180491564029539307}
  - {fileID: 8227378201880351874}
  - {fileID: 8790394524321315771}
  m_Father: {fileID: 5410607484933584855}
  m_RootOrder: 2
  m_LocalEulerAnglesHint: {x: 0, y: 0, z: 0}
--- !u!1 &6820316511174990580
GameObject:
  m_ObjectHideFlags: 0
  m_CorrespondingSourceObject: {fileID: 0}
  m_PrefabInstance: {fileID: 0}
  m_PrefabAsset: {fileID: 0}
  serializedVersion: 6
  m_Component:
  - component: {fileID: 6315544990676249132}
  m_Layer: 0
  m_Name: mixamorig:Spine2
  m_TagString: Untagged
  m_Icon: {fileID: 0}
  m_NavMeshLayer: 0
  m_StaticEditorFlags: 0
  m_IsActive: 1
--- !u!4 &6315544990676249132
Transform:
  m_ObjectHideFlags: 0
  m_CorrespondingSourceObject: {fileID: 0}
  m_PrefabInstance: {fileID: 0}
  m_PrefabAsset: {fileID: 0}
  m_GameObject: {fileID: 6820316511174990580}
  m_LocalRotation: {x: 0, y: 0, z: 1.8056423e-35, w: 1}
  m_LocalPosition: {x: -0.00000091440717, y: 0.13360204, z: -0.016264597}
  m_LocalScale: {x: 1, y: 1, z: 1}
  m_Children:
  - {fileID: 1367509210481645080}
  - {fileID: 42516039773574222}
  - {fileID: 8542722092052099998}
  m_Father: {fileID: 1657092249980859864}
  m_RootOrder: 0
  m_LocalEulerAnglesHint: {x: 0, y: 0, z: 0}
--- !u!1 &6881991054916553176
GameObject:
  m_ObjectHideFlags: 0
  m_CorrespondingSourceObject: {fileID: 0}
  m_PrefabInstance: {fileID: 0}
  m_PrefabAsset: {fileID: 0}
  serializedVersion: 6
  m_Component:
  - component: {fileID: 1367509210481645080}
  m_Layer: 0
  m_Name: mixamorig:LeftShoulder
  m_TagString: Untagged
  m_Icon: {fileID: 0}
  m_NavMeshLayer: 0
  m_StaticEditorFlags: 0
  m_IsActive: 1
--- !u!4 &1367509210481645080
Transform:
  m_ObjectHideFlags: 0
  m_CorrespondingSourceObject: {fileID: 0}
  m_PrefabInstance: {fileID: 0}
  m_PrefabAsset: {fileID: 0}
  m_GameObject: {fileID: 6881991054916553176}
  m_LocalRotation: {x: -0.000000044703484, y: 4.2632557e-14, z: -0.000000044703256,
    w: 1}
  m_LocalPosition: {x: -0.061058242, y: 0.09110424, z: 0.0070555084}
  m_LocalScale: {x: 1, y: 1, z: 1}
  m_Children:
  - {fileID: 7788512222710641813}
  m_Father: {fileID: 6315544990676249132}
  m_RootOrder: 0
  m_LocalEulerAnglesHint: {x: 0, y: 0, z: 0}
--- !u!1 &6971495127641577185
GameObject:
  m_ObjectHideFlags: 0
  m_CorrespondingSourceObject: {fileID: 0}
  m_PrefabInstance: {fileID: 0}
  m_PrefabAsset: {fileID: 0}
  serializedVersion: 6
  m_Component:
  - component: {fileID: 1544792835786148275}
  m_Layer: 0
  m_Name: mixamorig:LeftToeBase
  m_TagString: Untagged
  m_Icon: {fileID: 0}
  m_NavMeshLayer: 0
  m_StaticEditorFlags: 0
  m_IsActive: 1
--- !u!4 &1544792835786148275
Transform:
  m_ObjectHideFlags: 0
  m_CorrespondingSourceObject: {fileID: 0}
  m_PrefabInstance: {fileID: 0}
  m_PrefabAsset: {fileID: 0}
  m_GameObject: {fileID: 6971495127641577185}
  m_LocalRotation: {x: 0.000000004649337, y: 1.1698642e-10, z: 9.313231e-10, w: 1}
  m_LocalPosition: {x: -0.0037335982, y: -0.10492193, z: 0.12640664}
  m_LocalScale: {x: 1, y: 1, z: 1}
  m_Children:
  - {fileID: 843444155558905001}
  m_Father: {fileID: 6215516324917443711}
  m_RootOrder: 0
  m_LocalEulerAnglesHint: {x: 0, y: 0, z: 0}
--- !u!1 &7080752767946157434
GameObject:
  m_ObjectHideFlags: 0
  m_CorrespondingSourceObject: {fileID: 0}
  m_PrefabInstance: {fileID: 0}
  m_PrefabAsset: {fileID: 0}
  serializedVersion: 6
  m_Component:
  - component: {fileID: 1332561614719041064}
  m_Layer: 0
  m_Name: mixamorig:LeftHandRing3
  m_TagString: Untagged
  m_Icon: {fileID: 0}
  m_NavMeshLayer: 0
  m_StaticEditorFlags: 0
  m_IsActive: 1
--- !u!4 &1332561614719041064
Transform:
  m_ObjectHideFlags: 0
  m_CorrespondingSourceObject: {fileID: 0}
  m_PrefabInstance: {fileID: 0}
  m_PrefabAsset: {fileID: 0}
  m_GameObject: {fileID: 7080752767946157434}
  m_LocalRotation: {x: 0.00000005960464, y: -0.000000014900386, z: 0.000000014901934,
    w: 1}
  m_LocalPosition: {x: -0.03307317, y: 0.000000045317442, z: -0.00000020893265}
  m_LocalScale: {x: 1, y: 1, z: 1}
  m_Children:
  - {fileID: 3515545117355775719}
  m_Father: {fileID: 505182531001775464}
  m_RootOrder: 0
  m_LocalEulerAnglesHint: {x: 0, y: 0, z: 0}
--- !u!1 &7092401767475931652
GameObject:
  m_ObjectHideFlags: 0
  m_CorrespondingSourceObject: {fileID: 0}
  m_PrefabInstance: {fileID: 0}
  m_PrefabAsset: {fileID: 0}
  serializedVersion: 6
  m_Component:
  - component: {fileID: 42516039773574222}
  m_Layer: 0
  m_Name: mixamorig:Neck
  m_TagString: Untagged
  m_Icon: {fileID: 0}
  m_NavMeshLayer: 0
  m_StaticEditorFlags: 0
  m_IsActive: 1
--- !u!4 &42516039773574222
Transform:
  m_ObjectHideFlags: 0
  m_CorrespondingSourceObject: {fileID: 0}
  m_PrefabInstance: {fileID: 0}
  m_PrefabAsset: {fileID: 0}
  m_GameObject: {fileID: 7092401767475931652}
  m_LocalRotation: {x: -5.2041704e-18, y: 4.2632927e-14, z: 2.273737e-13, w: 1}
  m_LocalPosition: {x: -0.0000002520208, y: 0.15032491, z: 0.007929048}
  m_LocalScale: {x: 1, y: 1, z: 1}
  m_Children:
  - {fileID: 5690787542986086187}
  m_Father: {fileID: 6315544990676249132}
  m_RootOrder: 1
  m_LocalEulerAnglesHint: {x: 0, y: 0, z: 0}
--- !u!1 &7171872623936256194
GameObject:
  m_ObjectHideFlags: 0
  m_CorrespondingSourceObject: {fileID: 0}
  m_PrefabInstance: {fileID: 0}
  m_PrefabAsset: {fileID: 0}
  serializedVersion: 6
  m_Component:
  - component: {fileID: 549434867368783132}
  m_Layer: 0
  m_Name: mixamorig:RightHandThumb3
  m_TagString: Untagged
  m_Icon: {fileID: 0}
  m_NavMeshLayer: 0
  m_StaticEditorFlags: 0
  m_IsActive: 1
--- !u!4 &549434867368783132
Transform:
  m_ObjectHideFlags: 0
  m_CorrespondingSourceObject: {fileID: 0}
  m_PrefabInstance: {fileID: 0}
  m_PrefabAsset: {fileID: 0}
  m_GameObject: {fileID: 7171872623936256194}
  m_LocalRotation: {x: -0.0000050727735, y: -0.000009561156, z: -0.0000007974416,
    w: 1}
  m_LocalPosition: {x: 0.03394358, y: -0.019597458, z: 0.019597925}
  m_LocalScale: {x: 1, y: 1, z: 1}
  m_Children:
  - {fileID: 5071642397347663934}
  m_Father: {fileID: 4593828504430856981}
  m_RootOrder: 0
  m_LocalEulerAnglesHint: {x: 0, y: 0, z: 0}
--- !u!1 &7236071609280635897
GameObject:
  m_ObjectHideFlags: 0
  m_CorrespondingSourceObject: {fileID: 0}
  m_PrefabInstance: {fileID: 0}
  m_PrefabAsset: {fileID: 0}
  serializedVersion: 6
  m_Component:
  - component: {fileID: 505182531001775464}
  m_Layer: 0
  m_Name: mixamorig:LeftHandRing2
  m_TagString: Untagged
  m_Icon: {fileID: 0}
  m_NavMeshLayer: 0
  m_StaticEditorFlags: 0
  m_IsActive: 1
--- !u!4 &505182531001775464
Transform:
  m_ObjectHideFlags: 0
  m_CorrespondingSourceObject: {fileID: 0}
  m_PrefabInstance: {fileID: 0}
  m_PrefabAsset: {fileID: 0}
  m_GameObject: {fileID: 7236071609280635897}
  m_LocalRotation: {x: -0.000000029802319, y: 0.000000029799999, z: -0.000000044705025,
    w: 1}
  m_LocalPosition: {x: -0.036011904, y: 0.000000015129366, z: 0.0000003511219}
  m_LocalScale: {x: 1, y: 1, z: 1}
  m_Children:
  - {fileID: 1332561614719041064}
  m_Father: {fileID: 6255550924249940021}
  m_RootOrder: 0
  m_LocalEulerAnglesHint: {x: 0, y: 0, z: 0}
--- !u!1 &7506697282008632232
GameObject:
  m_ObjectHideFlags: 0
  m_CorrespondingSourceObject: {fileID: 0}
  m_PrefabInstance: {fileID: 0}
  m_PrefabAsset: {fileID: 0}
  serializedVersion: 6
  m_Component:
  - component: {fileID: 6513305298509472531}
  m_Layer: 0
  m_Name: mixamorig:LeftHandThumb2
  m_TagString: Untagged
  m_Icon: {fileID: 0}
  m_NavMeshLayer: 0
  m_StaticEditorFlags: 0
  m_IsActive: 1
--- !u!4 &6513305298509472531
Transform:
  m_ObjectHideFlags: 0
  m_CorrespondingSourceObject: {fileID: 0}
  m_PrefabInstance: {fileID: 0}
  m_PrefabAsset: {fileID: 0}
  m_GameObject: {fileID: 7506697282008632232}
  m_LocalRotation: {x: 0.000005132493, y: -0.0000031770362, z: 0.0000056908543, w: 1}
  m_LocalPosition: {x: -0.03675443, y: -0.021220079, z: 0.021220123}
  m_LocalScale: {x: 1, y: 1, z: 1}
  m_Children:
  - {fileID: 5734597610064579582}
  m_Father: {fileID: 1307556509255769530}
  m_RootOrder: 0
  m_LocalEulerAnglesHint: {x: 0, y: 0, z: 0}
--- !u!1 &7509808803504000276
GameObject:
  m_ObjectHideFlags: 0
  m_CorrespondingSourceObject: {fileID: 0}
  m_PrefabInstance: {fileID: 0}
  m_PrefabAsset: {fileID: 0}
  serializedVersion: 6
  m_Component:
  - component: {fileID: 4767444270779425074}
  m_Layer: 0
  m_Name: mixamorig:RightForeArm
  m_TagString: Untagged
  m_Icon: {fileID: 0}
  m_NavMeshLayer: 0
  m_StaticEditorFlags: 0
  m_IsActive: 1
--- !u!4 &4767444270779425074
Transform:
  m_ObjectHideFlags: 0
  m_CorrespondingSourceObject: {fileID: 0}
  m_PrefabInstance: {fileID: 0}
  m_PrefabAsset: {fileID: 0}
  m_GameObject: {fileID: 7509808803504000276}
  m_LocalRotation: {x: -0.000000059604638, y: 0.000000003900862, z: -3.0876939e-15,
    w: 1}
  m_LocalPosition: {x: 0.27404684, y: 0.0000003288411, z: 0.000000052756395}
  m_LocalScale: {x: 1, y: 1, z: 1}
  m_Children:
  - {fileID: 4674096640746720761}
  m_Father: {fileID: 438375870449456791}
  m_RootOrder: 0
  m_LocalEulerAnglesHint: {x: 0, y: 0, z: 0}
--- !u!1 &7699424259913632362
GameObject:
  m_ObjectHideFlags: 0
  m_CorrespondingSourceObject: {fileID: 0}
  m_PrefabInstance: {fileID: 0}
  m_PrefabAsset: {fileID: 0}
  serializedVersion: 6
  m_Component:
  - component: {fileID: 6180491564029539307}
  m_Layer: 0
  m_Name: mixamorig:LeftUpLeg
  m_TagString: Untagged
  m_Icon: {fileID: 0}
  m_NavMeshLayer: 0
  m_StaticEditorFlags: 0
  m_IsActive: 1
--- !u!4 &6180491564029539307
Transform:
  m_ObjectHideFlags: 0
  m_CorrespondingSourceObject: {fileID: 0}
  m_PrefabInstance: {fileID: 0}
  m_PrefabAsset: {fileID: 0}
  m_GameObject: {fileID: 7699424259913632362}
  m_LocalRotation: {x: -0.000017517097, y: -0.000000013640878, z: 0.00000043808052,
    w: 1}
  m_LocalPosition: {x: -0.091244526, y: -0.06656399, z: -0.00055377925}
  m_LocalScale: {x: 1, y: 1, z: 1}
  m_Children:
  - {fileID: 8597263372785770581}
  m_Father: {fileID: 3997558872556321102}
  m_RootOrder: 0
  m_LocalEulerAnglesHint: {x: 0, y: 0, z: 0}
--- !u!1 &7748539932420698364
GameObject:
  m_ObjectHideFlags: 0
  m_CorrespondingSourceObject: {fileID: 0}
  m_PrefabInstance: {fileID: 0}
  m_PrefabAsset: {fileID: 0}
  serializedVersion: 6
  m_Component:
  - component: {fileID: 4246961026848861129}
  m_Layer: 0
  m_Name: mixamorig:LeftHandIndex4
  m_TagString: Untagged
  m_Icon: {fileID: 0}
  m_NavMeshLayer: 0
  m_StaticEditorFlags: 0
  m_IsActive: 1
--- !u!4 &4246961026848861129
Transform:
  m_ObjectHideFlags: 0
  m_CorrespondingSourceObject: {fileID: 0}
  m_PrefabInstance: {fileID: 0}
  m_PrefabAsset: {fileID: 0}
  m_GameObject: {fileID: 7748539932420698364}
  m_LocalRotation: {x: 0, y: -0, z: -0, w: 1}
  m_LocalPosition: {x: -0.030779855, y: 7.926917e-10, z: -0.00000008560385}
  m_LocalScale: {x: 1, y: 1, z: 1}
  m_Children: []
  m_Father: {fileID: 7957990405482498037}
  m_RootOrder: 0
  m_LocalEulerAnglesHint: {x: 0, y: 0, z: 0}
--- !u!1 &7984114027080555447
GameObject:
  m_ObjectHideFlags: 0
  m_CorrespondingSourceObject: {fileID: 0}
  m_PrefabInstance: {fileID: 0}
  m_PrefabAsset: {fileID: 0}
  serializedVersion: 6
  m_Component:
  - component: {fileID: 3651776499045157918}
  m_Layer: 0
  m_Name: mixamorig:RightHandMiddle3
  m_TagString: Untagged
  m_Icon: {fileID: 0}
  m_NavMeshLayer: 0
  m_StaticEditorFlags: 0
  m_IsActive: 1
--- !u!4 &3651776499045157918
Transform:
  m_ObjectHideFlags: 0
  m_CorrespondingSourceObject: {fileID: 0}
  m_PrefabInstance: {fileID: 0}
  m_PrefabAsset: {fileID: 0}
  m_GameObject: {fileID: 7984114027080555447}
  m_LocalRotation: {x: 0.000000059604645, y: 0.000000029804642, z: 0.000000044701938,
    w: 1}
  m_LocalPosition: {x: 0.0345976, y: -0.0000000019721824, z: -0.0000002645789}
  m_LocalScale: {x: 1, y: 1, z: 1}
  m_Children:
  - {fileID: 4159440418465624592}
  m_Father: {fileID: 8729297165242494509}
  m_RootOrder: 0
  m_LocalEulerAnglesHint: {x: 0, y: 0, z: 0}
--- !u!1 &8015965891226679336
GameObject:
  m_ObjectHideFlags: 0
  m_CorrespondingSourceObject: {fileID: 0}
  m_PrefabInstance: {fileID: 0}
  m_PrefabAsset: {fileID: 0}
  serializedVersion: 6
  m_Component:
  - component: {fileID: 5690787542986086187}
  m_Layer: 0
  m_Name: mixamorig:Head
  m_TagString: Untagged
  m_Icon: {fileID: 0}
  m_NavMeshLayer: 0
  m_StaticEditorFlags: 0
  m_IsActive: 1
--- !u!4 &5690787542986086187
Transform:
  m_ObjectHideFlags: 0
  m_CorrespondingSourceObject: {fileID: 0}
  m_PrefabInstance: {fileID: 0}
  m_PrefabAsset: {fileID: 0}
  m_GameObject: {fileID: 8015965891226679336}
  m_LocalRotation: {x: 0, y: -0, z: -2.3158745e-36, w: 1}
  m_LocalPosition: {x: -0.000000023707482, y: 0.1032183, z: 0.031424288}
  m_LocalScale: {x: 1, y: 1, z: 1}
  m_Children:
  - {fileID: 6599797405467830931}
  - {fileID: 7472910989425431140}
  - {fileID: 5270122040941384864}
  m_Father: {fileID: 42516039773574222}
  m_RootOrder: 0
  m_LocalEulerAnglesHint: {x: 0, y: 0, z: 0}
--- !u!1 &8061736071697778169
GameObject:
  m_ObjectHideFlags: 0
  m_CorrespondingSourceObject: {fileID: 0}
  m_PrefabInstance: {fileID: 0}
  m_PrefabAsset: {fileID: 0}
  serializedVersion: 6
  m_Component:
  - component: {fileID: 5410607484933584855}
  - component: {fileID: 2404488728580598813}
  - component: {fileID: 3180500710799951191}
  m_Layer: 0
  m_Name: ybot
  m_TagString: Untagged
  m_Icon: {fileID: 0}
  m_NavMeshLayer: 0
  m_StaticEditorFlags: 0
  m_IsActive: 1
--- !u!4 &5410607484933584855
Transform:
  m_ObjectHideFlags: 0
  m_CorrespondingSourceObject: {fileID: 0}
  m_PrefabInstance: {fileID: 0}
  m_PrefabAsset: {fileID: 0}
  m_GameObject: {fileID: 8061736071697778169}
  m_LocalRotation: {x: 0, y: 0, z: 0, w: 1}
  m_LocalPosition: {x: 0, y: 0, z: 0}
  m_LocalScale: {x: 0.5, y: 0.5, z: 0.5}
  m_Children:
  - {fileID: 4789540142769215750}
  - {fileID: 4336657366520683291}
  - {fileID: 3997558872556321102}
  m_Father: {fileID: 0}
  m_RootOrder: 0
  m_LocalEulerAnglesHint: {x: 0, y: 0, z: 0}
--- !u!95 &2404488728580598813
Animator:
  serializedVersion: 3
  m_ObjectHideFlags: 0
  m_CorrespondingSourceObject: {fileID: 0}
  m_PrefabInstance: {fileID: 0}
  m_PrefabAsset: {fileID: 0}
  m_GameObject: {fileID: 8061736071697778169}
  m_Enabled: 1
  m_Avatar: {fileID: 9000000, guid: 0e49643629bd1e04584ed536f9135f79, type: 3}
  m_Controller: {fileID: 9100000, guid: 8422a024204565a46bf1ccb2b1818e54, type: 2}
  m_CullingMode: 1
  m_UpdateMode: 0
  m_ApplyRootMotion: 0
  m_LinearVelocityBlending: 0
  m_WarningMessage: 
  m_HasTransformHierarchy: 1
  m_AllowConstantClipSamplingOptimization: 1
  m_KeepAnimatorControllerStateOnDisable: 0
--- !u!114 &3180500710799951191
MonoBehaviour:
  m_ObjectHideFlags: 0
  m_CorrespondingSourceObject: {fileID: 0}
  m_PrefabInstance: {fileID: 0}
  m_PrefabAsset: {fileID: 0}
  m_GameObject: {fileID: 8061736071697778169}
  m_Enabled: 1
  m_EditorHideFlags: 0
  m_Script: {fileID: 11500000, guid: 82fcb402af42b034790559336ad0663f, type: 3}
  m_Name: 
  m_EditorClassIdentifier: 
  _text: {fileID: 0}
  _Bot: {fileID: 8061736071697778169}
--- !u!1 &8076679619674943245
GameObject:
  m_ObjectHideFlags: 0
  m_CorrespondingSourceObject: {fileID: 0}
  m_PrefabInstance: {fileID: 0}
  m_PrefabAsset: {fileID: 0}
  serializedVersion: 6
  m_Component:
  - component: {fileID: 1307556509255769530}
  m_Layer: 0
  m_Name: mixamorig:LeftHandThumb1
  m_TagString: Untagged
  m_Icon: {fileID: 0}
  m_NavMeshLayer: 0
  m_StaticEditorFlags: 0
  m_IsActive: 1
--- !u!4 &1307556509255769530
Transform:
  m_ObjectHideFlags: 0
  m_CorrespondingSourceObject: {fileID: 0}
  m_PrefabInstance: {fileID: 0}
  m_PrefabAsset: {fileID: 0}
  m_GameObject: {fileID: 8076679619674943245}
  m_LocalRotation: {x: -0.000010383226, y: 0.000008450052, z: -0.000009578869, w: 1}
  m_LocalPosition: {x: -0.037888095, y: -0.021669967, z: 0.03003088}
  m_LocalScale: {x: 1, y: 1, z: 1}
  m_Children:
  - {fileID: 6513305298509472531}
  m_Father: {fileID: 3637976646810659219}
  m_RootOrder: 4
  m_LocalEulerAnglesHint: {x: 0, y: 0, z: 0}
--- !u!1 &8158627602230645869
GameObject:
  m_ObjectHideFlags: 0
  m_CorrespondingSourceObject: {fileID: 0}
  m_PrefabInstance: {fileID: 0}
  m_PrefabAsset: {fileID: 0}
  serializedVersion: 6
  m_Component:
  - component: {fileID: 4789540142769215750}
  - component: {fileID: 332527149721368492}
  m_Layer: 0
  m_Name: Alpha_Joints
  m_TagString: Untagged
  m_Icon: {fileID: 0}
  m_NavMeshLayer: 0
  m_StaticEditorFlags: 0
  m_IsActive: 1
--- !u!4 &4789540142769215750
Transform:
  m_ObjectHideFlags: 0
  m_CorrespondingSourceObject: {fileID: 0}
  m_PrefabInstance: {fileID: 0}
  m_PrefabAsset: {fileID: 0}
  m_GameObject: {fileID: 8158627602230645869}
  m_LocalRotation: {x: 0, y: -0, z: -0, w: 1}
  m_LocalPosition: {x: -0, y: 0, z: 0}
  m_LocalScale: {x: 1, y: 1, z: 1}
  m_Children: []
  m_Father: {fileID: 5410607484933584855}
  m_RootOrder: 0
  m_LocalEulerAnglesHint: {x: 0, y: 0, z: 0}
--- !u!137 &332527149721368492
SkinnedMeshRenderer:
  m_ObjectHideFlags: 0
  m_CorrespondingSourceObject: {fileID: 0}
  m_PrefabInstance: {fileID: 0}
  m_PrefabAsset: {fileID: 0}
  m_GameObject: {fileID: 8158627602230645869}
  m_Enabled: 1
  m_CastShadows: 1
  m_ReceiveShadows: 1
  m_DynamicOccludee: 1
  m_MotionVectors: 1
  m_LightProbeUsage: 1
  m_ReflectionProbeUsage: 1
  m_RenderingLayerMask: 1
  m_RendererPriority: 0
  m_Materials:
  - {fileID: -840037777384891287, guid: 0e49643629bd1e04584ed536f9135f79, type: 3}
  m_StaticBatchInfo:
    firstSubMesh: 0
    subMeshCount: 0
  m_StaticBatchRoot: {fileID: 0}
  m_ProbeAnchor: {fileID: 0}
  m_LightProbeVolumeOverride: {fileID: 0}
  m_ScaleInLightmap: 1
  m_PreserveUVs: 0
  m_IgnoreNormalsForChartDetection: 0
  m_ImportantGI: 0
  m_StitchLightmapSeams: 1
  m_SelectedEditorRenderState: 3
  m_MinimumChartSize: 4
  m_AutoUVMaxDistance: 0.5
  m_AutoUVMaxAngle: 89
  m_LightmapParameters: {fileID: 0}
  m_SortingLayerID: 0
  m_SortingLayer: 0
  m_SortingOrder: 0
  serializedVersion: 2
  m_Quality: 0
  m_UpdateWhenOffscreen: 0
  m_SkinnedMotionVectors: 1
  m_Mesh: {fileID: -1525253381413818895, guid: 0e49643629bd1e04584ed536f9135f79, type: 3}
  m_Bones:
  - {fileID: 3997558872556321102}
  - {fileID: 8790394524321315771}
  - {fileID: 1657092249980859864}
  - {fileID: 6315544990676249132}
  - {fileID: 42516039773574222}
  - {fileID: 5690787542986086187}
  - {fileID: 1367509210481645080}
  - {fileID: 7788512222710641813}
  - {fileID: 3692940536079003447}
  - {fileID: 3637976646810659219}
  - {fileID: 6514914511886735324}
  - {fileID: 4221597337180087760}
  - {fileID: 3335070624877562156}
  - {fileID: 1307556509255769530}
  - {fileID: 6513305298509472531}
  - {fileID: 5734597610064579582}
  - {fileID: 7374116889041781013}
  - {fileID: 7554948276909696649}
  - {fileID: 7957990405482498037}
  - {fileID: 6255550924249940021}
  - {fileID: 505182531001775464}
  - {fileID: 1332561614719041064}
  - {fileID: 506703600431920876}
  - {fileID: 8621682151230228146}
  - {fileID: 584666448733119086}
  - {fileID: 8542722092052099998}
  - {fileID: 438375870449456791}
  - {fileID: 4767444270779425074}
  - {fileID: 4674096640746720761}
  - {fileID: 320071065866069690}
  - {fileID: 8729297165242494509}
  - {fileID: 3651776499045157918}
  - {fileID: 4793552756482937424}
  - {fileID: 4593828504430856981}
  - {fileID: 549434867368783132}
  - {fileID: 7415553896592272923}
  - {fileID: 3217683643528012800}
  - {fileID: 3824377929563876272}
  - {fileID: 7760984139405833810}
  - {fileID: 1578248981823176414}
  - {fileID: 5856309279858055547}
  - {fileID: 4278420136592522812}
  - {fileID: 7562578054498707408}
  - {fileID: 1030725675307993204}
  - {fileID: 8227378201880351874}
  - {fileID: 408269410482374702}
  - {fileID: 7017829375003252248}
  - {fileID: 2868412476829550852}
  - {fileID: 6180491564029539307}
  - {fileID: 8597263372785770581}
  - {fileID: 6215516324917443711}
  - {fileID: 1544792835786148275}
  m_BlendShapeWeights: []
  m_RootBone: {fileID: 3997558872556321102}
  m_AABB:
    m_Center: {x: 0.0000009536743, y: -0.19487926, z: 0.001876384}
    m_Extent: {x: 0.94527346, y: 0.7953514, z: 0.1378017}
  m_DirtyAABB: 0
--- !u!1 &8224993477791746719
GameObject:
  m_ObjectHideFlags: 0
  m_CorrespondingSourceObject: {fileID: 0}
  m_PrefabInstance: {fileID: 0}
  m_PrefabAsset: {fileID: 0}
  serializedVersion: 6
  m_Component:
  - component: {fileID: 1030725675307993204}
  m_Layer: 0
  m_Name: mixamorig:RightHandPinky3
  m_TagString: Untagged
  m_Icon: {fileID: 0}
  m_NavMeshLayer: 0
  m_StaticEditorFlags: 0
  m_IsActive: 1
--- !u!4 &1030725675307993204
Transform:
  m_ObjectHideFlags: 0
  m_CorrespondingSourceObject: {fileID: 0}
  m_PrefabInstance: {fileID: 0}
  m_PrefabAsset: {fileID: 0}
  m_GameObject: {fileID: 8224993477791746719}
  m_LocalRotation: {x: -0.00000008940697, y: -6.912583e-20, z: -1.3322676e-15, w: 1}
  m_LocalPosition: {x: 0.025948359, y: -0.000000009571486, z: -0.00000036661154}
  m_LocalScale: {x: 1, y: 1, z: 1}
  m_Children:
  - {fileID: 6674241532502102144}
  m_Father: {fileID: 7562578054498707408}
  m_RootOrder: 0
  m_LocalEulerAnglesHint: {x: 0, y: 0, z: 0}
--- !u!1 &8526623076265684330
GameObject:
  m_ObjectHideFlags: 0
  m_CorrespondingSourceObject: {fileID: 0}
  m_PrefabInstance: {fileID: 0}
  m_PrefabAsset: {fileID: 0}
  serializedVersion: 6
  m_Component:
  - component: {fileID: 5734597610064579582}
  m_Layer: 0
  m_Name: mixamorig:LeftHandThumb3
  m_TagString: Untagged
  m_Icon: {fileID: 0}
  m_NavMeshLayer: 0
  m_StaticEditorFlags: 0
  m_IsActive: 1
--- !u!4 &5734597610064579582
Transform:
  m_ObjectHideFlags: 0
  m_CorrespondingSourceObject: {fileID: 0}
  m_PrefabInstance: {fileID: 0}
  m_PrefabAsset: {fileID: 0}
  m_GameObject: {fileID: 8526623076265684330}
  m_LocalRotation: {x: -0.0000051025772, y: 0.000009561153, z: 0.00000076763865, w: 1}
  m_LocalPosition: {x: -0.033943586, y: -0.019597441, z: 0.019597929}
  m_LocalScale: {x: 1, y: 1, z: 1}
  m_Children:
  - {fileID: 3442914435938231693}
  m_Father: {fileID: 6513305298509472531}
  m_RootOrder: 0
  m_LocalEulerAnglesHint: {x: 0, y: 0, z: 0}
--- !u!1 &8541007927847649138
GameObject:
  m_ObjectHideFlags: 0
  m_CorrespondingSourceObject: {fileID: 0}
  m_PrefabInstance: {fileID: 0}
  m_PrefabAsset: {fileID: 0}
  serializedVersion: 6
  m_Component:
  - component: {fileID: 3442914435938231693}
  m_Layer: 0
  m_Name: mixamorig:LeftHandThumb4
  m_TagString: Untagged
  m_Icon: {fileID: 0}
  m_NavMeshLayer: 0
  m_StaticEditorFlags: 0
  m_IsActive: 1
--- !u!4 &3442914435938231693
Transform:
  m_ObjectHideFlags: 0
  m_CorrespondingSourceObject: {fileID: 0}
  m_PrefabInstance: {fileID: 0}
  m_PrefabAsset: {fileID: 0}
  m_GameObject: {fileID: 8541007927847649138}
  m_LocalRotation: {x: 0, y: -0, z: -0, w: 1}
  m_LocalPosition: {x: -0.026794039, y: -0.015469446, z: 0.0154692}
  m_LocalScale: {x: 1, y: 1, z: 1}
  m_Children: []
  m_Father: {fileID: 5734597610064579582}
  m_RootOrder: 0
  m_LocalEulerAnglesHint: {x: 0, y: 0, z: 0}
--- !u!1 &8542472549177890182
GameObject:
  m_ObjectHideFlags: 0
  m_CorrespondingSourceObject: {fileID: 0}
  m_PrefabInstance: {fileID: 0}
  m_PrefabAsset: {fileID: 0}
  serializedVersion: 6
  m_Component:
  - component: {fileID: 7472910989425431140}
  m_Layer: 0
  m_Name: mixamorig:LeftEye
  m_TagString: Untagged
  m_Icon: {fileID: 0}
  m_NavMeshLayer: 0
  m_StaticEditorFlags: 0
  m_IsActive: 1
--- !u!4 &7472910989425431140
Transform:
  m_ObjectHideFlags: 0
  m_CorrespondingSourceObject: {fileID: 0}
  m_PrefabInstance: {fileID: 0}
  m_PrefabAsset: {fileID: 0}
  m_GameObject: {fileID: 8542472549177890182}
  m_LocalRotation: {x: 0, y: -0, z: -0, w: 1}
  m_LocalPosition: {x: -0.02947915, y: 0.07681745, z: 0.09120731}
  m_LocalScale: {x: 1, y: 1, z: 1}
  m_Children: []
  m_Father: {fileID: 5690787542986086187}
  m_RootOrder: 1
  m_LocalEulerAnglesHint: {x: 0, y: 0, z: 0}
--- !u!1 &8711337614472994769
GameObject:
  m_ObjectHideFlags: 0
  m_CorrespondingSourceObject: {fileID: 0}
  m_PrefabInstance: {fileID: 0}
  m_PrefabAsset: {fileID: 0}
  serializedVersion: 6
  m_Component:
  - component: {fileID: 8227378201880351874}
  m_Layer: 0
  m_Name: mixamorig:RightUpLeg
  m_TagString: Untagged
  m_Icon: {fileID: 0}
  m_NavMeshLayer: 0
  m_StaticEditorFlags: 0
  m_IsActive: 1
--- !u!4 &8227378201880351874
Transform:
  m_ObjectHideFlags: 0
  m_CorrespondingSourceObject: {fileID: 0}
  m_PrefabInstance: {fileID: 0}
  m_PrefabAsset: {fileID: 0}
  m_GameObject: {fileID: 8711337614472994769}
  m_LocalRotation: {x: -0.000002931613, y: -0.000000013649597, z: 0.00000043784848,
    w: 1}
  m_LocalPosition: {x: 0.09124453, y: -0.06656398, z: -0.00055377925}
  m_LocalScale: {x: 1, y: 1, z: 1}
  m_Children:
  - {fileID: 408269410482374702}
  m_Father: {fileID: 3997558872556321102}
  m_RootOrder: 1
  m_LocalEulerAnglesHint: {x: 0, y: 0, z: 0}
--- !u!1 &8729902209441900382
GameObject:
  m_ObjectHideFlags: 0
  m_CorrespondingSourceObject: {fileID: 0}
  m_PrefabInstance: {fileID: 0}
  m_PrefabAsset: {fileID: 0}
  serializedVersion: 6
  m_Component:
  - component: {fileID: 8729297165242494509}
  m_Layer: 0
  m_Name: mixamorig:RightHandMiddle2
  m_TagString: Untagged
  m_Icon: {fileID: 0}
  m_NavMeshLayer: 0
  m_StaticEditorFlags: 0
  m_IsActive: 1
--- !u!4 &8729297165242494509
Transform:
  m_ObjectHideFlags: 0
  m_CorrespondingSourceObject: {fileID: 0}
  m_PrefabInstance: {fileID: 0}
  m_PrefabAsset: {fileID: 0}
  m_GameObject: {fileID: 8729902209441900382}
  m_LocalRotation: {x: -0.000000014901161, y: -0.000000014901165, z: 7.764959e-13,
    w: 1}
  m_LocalPosition: {x: 0.036139715, y: 0.000000027565017, z: 0.000000030803374}
  m_LocalScale: {x: 1, y: 1, z: 1}
  m_Children:
  - {fileID: 3651776499045157918}
  m_Father: {fileID: 320071065866069690}
  m_RootOrder: 0
  m_LocalEulerAnglesHint: {x: 0, y: 0, z: 0}
--- !u!1 &8802946150397643120
GameObject:
  m_ObjectHideFlags: 0
  m_CorrespondingSourceObject: {fileID: 0}
  m_PrefabInstance: {fileID: 0}
  m_PrefabAsset: {fileID: 0}
  serializedVersion: 6
  m_Component:
  - component: {fileID: 7554948276909696649}
  m_Layer: 0
  m_Name: mixamorig:LeftHandIndex2
  m_TagString: Untagged
  m_Icon: {fileID: 0}
  m_NavMeshLayer: 0
  m_StaticEditorFlags: 0
  m_IsActive: 1
--- !u!4 &7554948276909696649
Transform:
  m_ObjectHideFlags: 0
  m_CorrespondingSourceObject: {fileID: 0}
  m_PrefabInstance: {fileID: 0}
  m_PrefabAsset: {fileID: 0}
  m_GameObject: {fileID: 8802946150397643120}
  m_LocalRotation: {x: -0.00000010430813, y: 0.000000014901161, z: -7.7516346e-13,
    w: 1}
  m_LocalPosition: {x: -0.038919672, y: 0.000000016868665, z: 0.00000038721547}
  m_LocalScale: {x: 1, y: 1, z: 1}
  m_Children:
  - {fileID: 7957990405482498037}
  m_Father: {fileID: 7374116889041781013}
  m_RootOrder: 0
  m_LocalEulerAnglesHint: {x: 0, y: 0, z: 0}
--- !u!1 &8871851581745214871
GameObject:
  m_ObjectHideFlags: 0
  m_CorrespondingSourceObject: {fileID: 0}
  m_PrefabInstance: {fileID: 0}
  m_PrefabAsset: {fileID: 0}
  serializedVersion: 6
  m_Component:
  - component: {fileID: 4221597337180087760}
  m_Layer: 0
  m_Name: mixamorig:LeftHandMiddle2
  m_TagString: Untagged
  m_Icon: {fileID: 0}
  m_NavMeshLayer: 0
  m_StaticEditorFlags: 0
  m_IsActive: 1
--- !u!4 &4221597337180087760
Transform:
  m_ObjectHideFlags: 0
  m_CorrespondingSourceObject: {fileID: 0}
  m_PrefabInstance: {fileID: 0}
  m_PrefabAsset: {fileID: 0}
  m_GameObject: {fileID: 8871851581745214871}
  m_LocalRotation: {x: -0.000000014901161, y: 0.000000014901165, z: -7.764959e-13,
    w: 1}
  m_LocalPosition: {x: -0.036139715, y: 0.000000026601377, z: 0.000000024623631}
  m_LocalScale: {x: 1, y: 1, z: 1}
  m_Children:
  - {fileID: 3335070624877562156}
  m_Father: {fileID: 6514914511886735324}
  m_RootOrder: 0
  m_LocalEulerAnglesHint: {x: 0, y: 0, z: 0}
--- !u!1 &8915215072703035912
GameObject:
  m_ObjectHideFlags: 0
  m_CorrespondingSourceObject: {fileID: 0}
  m_PrefabInstance: {fileID: 0}
  m_PrefabAsset: {fileID: 0}
  serializedVersion: 6
  m_Component:
  - component: {fileID: 4793552756482937424}
  m_Layer: 0
  m_Name: mixamorig:RightHandThumb1
  m_TagString: Untagged
  m_Icon: {fileID: 0}
  m_NavMeshLayer: 0
  m_StaticEditorFlags: 0
  m_IsActive: 1
--- !u!4 &4793552756482937424
Transform:
  m_ObjectHideFlags: 0
  m_CorrespondingSourceObject: {fileID: 0}
  m_PrefabInstance: {fileID: 0}
  m_PrefabAsset: {fileID: 0}
  m_GameObject: {fileID: 8915215072703035912}
  m_LocalRotation: {x: -0.000010383226, y: -0.000008450052, z: 0.000009578869, w: 1}
  m_LocalPosition: {x: 0.03788809, y: -0.02166998, z: 0.030030873}
  m_LocalScale: {x: 1, y: 1, z: 1}
  m_Children:
  - {fileID: 4593828504430856981}
  m_Father: {fileID: 4674096640746720761}
  m_RootOrder: 4
  m_LocalEulerAnglesHint: {x: 0, y: 0, z: 0}
--- !u!1 &9104046974685840207
GameObject:
  m_ObjectHideFlags: 0
  m_CorrespondingSourceObject: {fileID: 0}
  m_PrefabInstance: {fileID: 0}
  m_PrefabAsset: {fileID: 0}
  serializedVersion: 6
  m_Component:
  - component: {fileID: 320071065866069690}
  m_Layer: 0
  m_Name: mixamorig:RightHandMiddle1
  m_TagString: Untagged
  m_Icon: {fileID: 0}
  m_NavMeshLayer: 0
  m_StaticEditorFlags: 0
  m_IsActive: 1
--- !u!4 &320071065866069690
Transform:
  m_ObjectHideFlags: 0
  m_CorrespondingSourceObject: {fileID: 0}
  m_PrefabInstance: {fileID: 0}
  m_PrefabAsset: {fileID: 0}
  m_GameObject: {fileID: 9104046974685840207}
  m_LocalRotation: {x: 0.000000014901159, y: 0.000000044701945, z: -0.00000002980465,
    w: 1}
  m_LocalPosition: {x: 0.12775522, y: 0.000000089457735, z: 0.00000018011639}
  m_LocalScale: {x: 1, y: 1, z: 1}
  m_Children:
  - {fileID: 8729297165242494509}
  m_Father: {fileID: 4674096640746720761}
  m_RootOrder: 1
  m_LocalEulerAnglesHint: {x: 0, y: 0, z: 0}
--- !u!1 &9220486139551354917
GameObject:
  m_ObjectHideFlags: 0
  m_CorrespondingSourceObject: {fileID: 0}
  m_PrefabInstance: {fileID: 0}
  m_PrefabAsset: {fileID: 0}
  serializedVersion: 6
  m_Component:
  - component: {fileID: 7788512222710641813}
  m_Layer: 0
  m_Name: mixamorig:LeftArm
  m_TagString: Untagged
  m_Icon: {fileID: 0}
  m_NavMeshLayer: 0
  m_StaticEditorFlags: 0
  m_IsActive: 1
--- !u!4 &7788512222710641813
Transform:
  m_ObjectHideFlags: 0
  m_CorrespondingSourceObject: {fileID: 0}
  m_PrefabInstance: {fileID: 0}
  m_PrefabAsset: {fileID: 0}
  m_GameObject: {fileID: 9220486139551354917}
  m_LocalRotation: {x: 0.000000044703484, y: 2.4507967e-22, z: 0.000000044703484,
    w: 1}
  m_LocalPosition: {x: -0.12655036, y: -0.0026593448, z: -0.026009219}
  m_LocalScale: {x: 1, y: 1, z: 1}
  m_Children:
  - {fileID: 3692940536079003447}
  m_Father: {fileID: 1367509210481645080}
  m_RootOrder: 0
  m_LocalEulerAnglesHint: {x: 0, y: 0, z: 0}
